time,bid,ask
2023-12-18T07:00:01.318Z,142.278,142.275
2023-12-18T07:00:03.416Z,142.269,142.271
2023-12-18T07:00:05.529Z,142.279,142.281
2023-12-18T07:00:07.652Z,142.285,142.287
2023-12-18T07:00:09.761Z,142.283,142.285
2023-12-18T07:00:11.859Z,142.279,142.281
2023-12-18T07:00:13.975Z,142.27,142.272
2023-12-18T07:00:16.096Z,142.274,142.276
2023-12-18T07:00:18.209Z,142.271,142.272
2023-12-18T07:00:24.460Z,142.269,142.271
2023-12-18T07:00:26.540Z,142.268,142.27
2023-12-18T07:00:30.560Z,142.255,142.269
2023-12-18T07:00:32.660Z,142.257,142.257
2023-12-18T07:00:36.887Z,142.255,142.259
2023-12-18T07:00:38.978Z,142.257,142.257
2023-12-18T07:00:41.069Z,142.254,142.259
2023-12-18T07:00:49.391Z,142.253,142.256
2023-12-18T07:00:51.494Z,142.254,142.255
2023-12-18T07:00:53.617Z,142.252,142.256
2023-12-18T07:00:55.705Z,142.254,142.254
2023-12-18T07:00:57.805Z,142.262,142.256
2023-12-18T07:00:59.898Z,142.255,142.264
2023-12-18T07:01:01.987Z,142.251,142.256
2023-12-18T07:01:04.093Z,142.25,142.252
2023-12-18T07:01:06.186Z,142.245,142.247
2023-12-18T07:01:08.274Z,142.246,142.246
2023-12-18T07:01:10.366Z,142.24,142.247
2023-12-18T07:01:12.477Z,142.243,142.244
2023-12-18T07:01:14.561Z,142.245,142.245
2023-12-18T07:01:16.676Z,142.244,142.251
2023-12-18T07:01:29.228Z,142.242,142.246
2023-12-18T07:01:33.426Z,142.243,142.244
2023-12-18T07:01:37.628Z,142.24,142.245
2023-12-18T07:01:39.734Z,142.233,142.242
2023-12-18T07:01:41.823Z,142.23,142.235
2023-12-18T07:01:43.923Z,142.227,142.231
2023-12-18T07:01:46.017Z,142.228,142.229
2023-12-18T07:01:52.360Z,142.229,142.23
2023-12-18T07:01:54.439Z,142.23,142.233
2023-12-18T07:01:56.582Z,142.229,142.232
2023-12-18T07:01:58.687Z,142.232,142.231
2023-12-18T07:02:00.772Z,142.234,142.234
2023-12-18T07:02:02.864Z,142.236,142.235
2023-12-18T07:02:04.941Z,142.233,142.238
2023-12-18T07:02:07.035Z,142.235,142.235
2023-12-18T07:02:09.121Z,142.242,142.237
2023-12-18T07:02:11.302Z,142.241,142.244
2023-12-18T07:02:13.387Z,142.24,142.243
2023-12-18T07:02:15.473Z,142.241,142.242
2023-12-18T07:02:21.736Z,142.245,142.243
2023-12-18T07:02:30.157Z,142.252,142.247
2023-12-18T07:02:32.254Z,142.25,142.254
2023-12-18T07:02:34.354Z,142.257,142.253
2023-12-18T07:02:42.796Z,142.258,142.259
2023-12-18T07:02:44.874Z,142.256,142.26
2023-12-18T07:02:46.978Z,142.259,142.258
2023-12-18T07:02:49.086Z,142.25,142.261
2023-12-18T07:02:51.194Z,142.249,142.252
2023-12-18T07:02:53.295Z,142.246,142.246
2023-12-18T07:02:55.398Z,142.24,142.248
2023-12-18T07:03:01.702Z,142.239,142.242
2023-12-18T07:03:08.033Z,142.24,142.241
2023-12-18T07:03:10.124Z,142.239,142.242
2023-12-18T07:03:16.770Z,142.24,142.241
2023-12-18T07:03:20.952Z,142.241,142.242
2023-12-18T07:03:25.139Z,142.243,142.245
2023-12-18T07:03:27.235Z,142.241,142.243
2023-12-18T07:03:31.396Z,142.238,142.24
2023-12-18T07:03:33.468Z,142.24,142.241
2023-12-18T07:03:39.484Z,142.241,142.242
2023-12-18T07:03:43.719Z,142.24,142.243
2023-12-18T07:03:45.832Z,142.239,142.242
2023-12-18T07:03:47.928Z,142.234,142.236
2023-12-18T07:03:52.346Z,142.233,142.235
2023-12-18T07:03:56.543Z,142.232,142.234
2023-12-18T07:04:02.806Z,142.233,142.235
2023-12-18T07:04:11.088Z,142.232,142.234
2023-12-18T07:04:13.379Z,142.231,142.233
2023-12-18T07:04:17.536Z,142.221,142.223
2023-12-18T07:04:19.637Z,142.22,142.222
2023-12-18T07:04:23.669Z,142.222,142.223
2023-12-18T07:04:25.761Z,142.221,142.224
2023-12-18T07:04:29.955Z,142.22,142.222
2023-12-18T07:04:32.205Z,142.218,142.22
2023-12-18T07:04:34.282Z,142.221,142.222
2023-12-18T07:04:36.361Z,142.222,142.224
2023-12-18T07:04:40.623Z,142.224,142.225
2023-12-18T07:04:46.898Z,142.21,142.212
2023-12-18T07:04:48.991Z,142.208,142.21
2023-12-18T07:04:53.166Z,142.212,142.214
2023-12-18T07:04:55.284Z,142.209,142.21
2023-12-18T07:05:01.457Z,142.226,142.211
2023-12-18T07:05:03.574Z,142.229,142.228
2023-12-18T07:05:05.682Z,142.23,142.231
2023-12-18T07:05:07.786Z,142.234,142.232
2023-12-18T07:05:09.903Z,142.244,142.236
2023-12-18T07:05:16.167Z,142.243,142.246
2023-12-18T07:05:18.248Z,142.249,142.245
2023-12-18T07:05:20.325Z,142.247,142.251
2023-12-18T07:05:24.487Z,142.248,142.249
2023-12-18T07:05:26.575Z,142.247,142.25
2023-12-18T07:05:28.679Z,142.25,142.249
2023-12-18T07:05:30.774Z,142.248,142.252
2023-12-18T07:05:32.872Z,142.247,142.25
2023-12-18T07:05:41.213Z,142.246,142.249
2023-12-18T07:05:45.404Z,142.247,142.248
2023-12-18T07:05:57.982Z,142.245,142.249
2023-12-18T07:06:00.114Z,142.24,142.247
2023-12-18T07:06:02.207Z,142.23,142.233
2023-12-18T07:06:04.341Z,142.235,142.232
2023-12-18T07:06:06.451Z,142.24,142.237
2023-12-18T07:06:08.539Z,142.241,142.243
2023-12-18T07:06:10.945Z,142.24,142.238
2023-12-18T07:06:13.065Z,142.242,142.244
2023-12-18T07:06:15.163Z,142.243,142.245
2023-12-18T07:06:17.263Z,142.241,142.243
2023-12-18T07:06:19.356Z,142.239,142.241
2023-12-18T07:06:21.454Z,142.241,142.243
2023-12-18T07:06:23.544Z,142.24,142.242
2023-12-18T07:06:40.369Z,142.239,142.241
2023-12-18T07:06:42.467Z,142.241,142.243
2023-12-18T07:06:48.759Z,142.243,142.244
2023-12-18T07:06:50.858Z,142.241,142.243
2023-12-18T07:06:57.172Z,142.242,142.244
2023-12-18T07:07:01.401Z,142.241,142.243
2023-12-18T07:07:03.486Z,142.24,142.242
2023-12-18T07:07:05.574Z,142.241,142.243
2023-12-18T07:07:07.677Z,142.243,142.245
2023-12-18T07:07:09.755Z,142.24,142.242
2023-12-18T07:07:13.946Z,142.231,142.233
2023-12-18T07:07:18.129Z,142.23,142.232
2023-12-18T07:07:22.296Z,142.232,142.233
2023-12-18T07:07:24.386Z,142.221,142.223
2023-12-18T07:07:30.654Z,142.22,142.222
2023-12-18T07:07:32.769Z,142.224,142.226
2023-12-18T07:07:34.844Z,142.231,142.233
2023-12-18T07:07:39.044Z,142.23,142.232
2023-12-18T07:07:41.137Z,142.227,142.229
2023-12-18T07:07:43.244Z,142.228,142.232
2023-12-18T07:07:45.340Z,142.231,142.233
2023-12-18T07:07:53.435Z,142.23,142.232
2023-12-18T07:07:55.873Z,142.235,142.237
2023-12-18T07:08:02.206Z,142.234,142.236
2023-12-18T07:08:04.301Z,142.233,142.235
2023-12-18T07:08:08.527Z,142.226,142.227
2023-12-18T07:08:12.290Z,142.238,142.228
2023-12-18T07:08:14.378Z,142.237,142.24
2023-12-18T07:08:16.456Z,142.236,142.239
2023-12-18T07:08:20.640Z,142.235,142.238
2023-12-18T07:08:22.736Z,142.23,142.232
2023-12-18T07:08:25.356Z,142.229,142.231
2023-12-18T07:08:27.442Z,142.23,142.232
2023-12-18T07:08:29.553Z,142.229,142.231
2023-12-18T07:08:35.272Z,142.226,142.23
2023-12-18T07:08:39.483Z,142.224,142.226
2023-12-18T07:08:46.409Z,142.225,142.227
2023-12-18T07:08:50.605Z,142.226,142.228
2023-12-18T07:08:54.218Z,142.22,142.227
2023-12-18T07:09:00.474Z,142.221,142.222
2023-12-18T07:09:07.323Z,142.215,142.219
2023-12-18T07:09:09.408Z,142.214,142.216
2023-12-18T07:09:13.116Z,142.213,142.215
2023-12-18T07:09:17.772Z,142.214,142.216
2023-12-18T07:09:19.860Z,142.215,142.217
2023-12-18T07:09:26.171Z,142.213,142.215
2023-12-18T07:09:28.257Z,142.212,142.214
2023-12-18T07:09:32.449Z,142.214,142.216
2023-12-18T07:09:34.550Z,142.213,142.212
2023-12-18T07:09:42.938Z,142.211,142.213
2023-12-18T07:09:45.033Z,142.204,142.206
2023-12-18T07:09:49.220Z,142.209,142.211
2023-12-18T07:09:51.304Z,142.203,142.205
2023-12-18T07:09:53.447Z,142.204,142.206
2023-12-18T07:09:55.527Z,142.206,142.208
2023-12-18T07:09:57.639Z,142.197,142.2
2023-12-18T07:09:59.720Z,142.2,142.202
2023-12-18T07:10:01.824Z,142.201,142.203
2023-12-18T07:10:05.987Z,142.207,142.209
2023-12-18T07:10:08.084Z,142.208,142.21
2023-12-18T07:10:10.218Z,142.207,142.207
2023-12-18T07:10:12.375Z,142.208,142.212
2023-12-18T07:10:14.464Z,142.218,142.22
2023-12-18T07:10:16.551Z,142.22,142.222
2023-12-18T07:10:22.835Z,142.221,142.223
2023-12-18T07:10:26.598Z,142.236,142.229
2023-12-18T07:10:30.817Z,142.235,142.238
2023-12-18T07:10:32.927Z,142.226,142.228
2023-12-18T07:10:35.422Z,142.225,142.227
2023-12-18T07:10:39.595Z,142.226,142.228
2023-12-18T07:10:45.479Z,142.219,142.227
2023-12-18T07:10:47.578Z,142.223,142.221
2023-12-18T07:10:51.772Z,142.222,142.225
2023-12-18T07:10:53.850Z,142.219,142.222
2023-12-18T07:10:56.483Z,142.217,142.218
2023-12-18T07:10:58.581Z,142.213,142.215
2023-12-18T07:11:04.879Z,142.214,142.216
2023-12-18T07:11:08.536Z,142.213,142.218
2023-12-18T07:11:10.685Z,142.212,142.215
2023-12-18T07:11:12.776Z,142.213,142.214
2023-12-18T07:11:17.426Z,142.211,142.213
2023-12-18T07:11:23.245Z,142.213,142.215
2023-12-18T07:11:27.900Z,142.212,142.213
2023-12-18T07:11:32.077Z,142.211,142.214
2023-12-18T07:11:48.427Z,142.21,142.213
2023-12-18T07:11:50.522Z,142.22,142.218
2023-12-18T07:11:54.733Z,142.223,142.222
2023-12-18T07:11:56.812Z,142.224,142.227
2023-12-18T07:12:05.198Z,142.229,142.23
2023-12-18T07:12:07.289Z,142.227,142.231
2023-12-18T07:12:09.379Z,142.23,142.229
2023-12-18T07:12:13.603Z,142.229,142.231
2023-12-18T07:12:20.429Z,142.228,142.23
2023-12-18T07:12:26.124Z,142.224,142.225
2023-12-18T07:12:30.297Z,142.218,142.226
2023-12-18T07:12:32.383Z,142.219,142.221
2023-12-18T07:12:37.163Z,142.224,142.226
2023-12-18T07:12:39.255Z,142.225,142.227
2023-12-18T07:12:43.447Z,142.226,142.228
2023-12-18T07:12:45.585Z,142.23,142.233
2023-12-18T07:12:49.769Z,142.235,142.237
2023-12-18T07:12:53.972Z,142.231,142.233
2023-12-18T07:12:58.159Z,142.222,142.224
2023-12-18T07:13:06.594Z,142.221,142.223
2023-12-18T07:13:08.677Z,142.223,142.224
2023-12-18T07:13:10.758Z,142.222,142.219
2023-12-18T07:13:14.959Z,142.218,142.22
2023-12-18T07:13:19.148Z,142.223,142.224
2023-12-18T07:13:21.250Z,142.222,142.226
2023-12-18T07:13:23.364Z,142.223,142.224
2023-12-18T07:13:25.461Z,142.218,142.22
2023-12-18T07:13:29.646Z,142.225,142.228
2023-12-18T07:13:35.427Z,142.226,142.227
2023-12-18T07:13:37.531Z,142.229,142.228
2023-12-18T07:13:39.635Z,142.228,142.231
2023-12-18T07:13:41.740Z,142.223,142.23
2023-12-18T07:13:43.874Z,142.222,142.225
2023-12-18T07:13:46.012Z,142.212,142.214
2023-12-18T07:13:48.564Z,142.214,142.215
2023-12-18T07:13:56.542Z,142.208,142.213
2023-12-18T07:14:00.755Z,142.215,142.21
2023-12-18T07:14:02.875Z,142.213,142.216
2023-12-18T07:14:07.662Z,142.214,142.217
2023-12-18T07:14:09.764Z,142.218,142.22
2023-12-18T07:14:11.910Z,142.224,142.225
2023-12-18T07:14:16.110Z,142.225,142.227
2023-12-18T07:14:18.196Z,142.226,142.228
2023-12-18T07:14:26.568Z,142.225,142.227
2023-12-18T07:14:28.678Z,142.226,142.228
2023-12-18T07:14:32.838Z,142.229,142.231
2023-12-18T07:14:37.034Z,142.217,142.219
2023-12-18T07:14:39.142Z,142.214,142.214
2023-12-18T07:14:45.459Z,142.213,142.215
2023-12-18T07:14:47.554Z,142.216,142.218
2023-12-18T07:14:49.686Z,142.217,142.221
2023-12-18T07:14:53.901Z,142.223,142.225
2023-12-18T07:14:55.990Z,142.224,142.227
2023-12-18T07:15:02.356Z,142.227,142.228
2023-12-18T07:15:04.462Z,142.23,142.232
2023-12-18T07:15:06.558Z,142.228,142.23
2023-12-18T07:15:08.648Z,142.229,142.231
2023-12-18T07:15:10.739Z,142.228,142.23
2023-12-18T07:15:17.086Z,142.229,142.232
2023-12-18T07:15:20.738Z,142.228,142.23
2023-12-18T07:15:25.505Z,142.229,142.231
2023-12-18T07:15:38.133Z,142.23,142.232
2023-12-18T07:15:42.302Z,142.229,142.231
2023-12-18T07:15:45.839Z,142.23,142.232
2023-12-18T07:15:52.147Z,142.235,142.233
2023-12-18T07:15:54.232Z,142.233,142.235
2023-12-18T07:15:56.316Z,142.232,142.234
2023-12-18T07:16:03.321Z,142.236,142.238
2023-12-18T07:16:05.517Z,142.235,142.237
2023-12-18T07:16:11.791Z,142.236,142.238
2023-12-18T07:16:13.888Z,142.238,142.24
2023-12-18T07:16:42.451Z,142.239,142.241
2023-12-18T07:17:04.254Z,142.238,142.24
2023-12-18T07:17:56.536Z,142.239,142.241
2023-12-18T07:18:11.251Z,142.238,142.24
2023-12-18T07:18:13.342Z,142.225,142.227
2023-12-18T07:18:16.702Z,142.213,142.217
2023-12-18T07:18:20.884Z,142.207,142.215
2023-12-18T07:18:23.002Z,142.203,142.209
2023-12-18T07:18:25.094Z,142.205,142.207
2023-12-18T07:18:32.229Z,142.202,142.204
2023-12-18T07:18:34.324Z,142.207,142.227
2023-12-18T07:18:38.527Z,142.224,142.226
2023-12-18T07:18:44.797Z,142.225,142.231
2023-12-18T07:18:46.899Z,142.227,142.23
2023-12-18T07:18:51.121Z,142.228,142.228
2023-12-18T07:18:54.461Z,142.227,142.229
2023-12-18T07:19:00.766Z,142.225,142.231
2023-12-18T07:19:02.851Z,142.221,142.223
2023-12-18T07:19:05.899Z,142.217,142.219
2023-12-18T07:19:07.983Z,142.215,142.217
2023-12-18T07:19:14.230Z,142.219,142.221
2023-12-18T07:19:16.306Z,142.218,142.22
2023-12-18T07:19:18.389Z,142.217,142.219
2023-12-18T07:19:21.805Z,142.216,142.218
2023-12-18T07:19:23.892Z,142.215,142.217
2023-12-18T07:19:25.974Z,142.214,142.216
2023-12-18T07:19:30.139Z,142.216,142.218
2023-12-18T07:19:34.311Z,142.217,142.219
2023-12-18T07:19:49.844Z,142.219,142.226
2023-12-18T07:19:54.043Z,142.225,142.227
2023-12-18T07:20:02.481Z,142.227,142.229
2023-12-18T07:20:05.836Z,142.228,142.231
2023-12-18T07:20:07.963Z,142.22,142.222
2023-12-18T07:20:21.322Z,142.222,142.223
2023-12-18T07:20:23.408Z,142.22,142.222
2023-12-18T07:20:25.495Z,142.222,142.223
2023-12-18T07:20:27.579Z,142.22,142.222
2023-12-18T07:20:29.694Z,142.219,142.221
2023-12-18T07:20:31.775Z,142.21,142.208
2023-12-18T07:20:33.868Z,142.197,142.202
2023-12-18T07:20:35.948Z,142.198,142.2
2023-12-18T07:20:40.127Z,142.189,142.192
2023-12-18T07:20:42.213Z,142.19,142.196
2023-12-18T07:20:44.298Z,142.194,142.198
2023-12-18T07:20:48.511Z,142.195,142.196
2023-12-18T07:21:00.374Z,142.207,142.209
2023-12-18T07:21:10.839Z,142.2,142.202
2023-12-18T07:21:12.941Z,142.194,142.204
2023-12-18T07:21:15.027Z,142.195,142.197
2023-12-18T07:21:25.497Z,142.194,142.196
2023-12-18T07:21:27.586Z,142.196,142.199
2023-12-18T07:21:29.675Z,142.197,142.198
2023-12-18T07:21:31.766Z,142.189,142.199
2023-12-18T07:21:33.869Z,142.193,142.192
2023-12-18T07:21:35.968Z,142.197,142.194
2023-12-18T07:21:38.088Z,142.196,142.199
2023-12-18T07:21:40.227Z,142.201,142.198
2023-12-18T07:21:42.316Z,142.204,142.205
2023-12-18T07:21:46.527Z,142.216,142.214
2023-12-18T07:21:48.607Z,142.215,142.218
2023-12-18T07:21:54.841Z,142.214,142.217
2023-12-18T07:22:01.141Z,142.216,142.216
2023-12-18T07:22:03.226Z,142.228,142.229
2023-12-18T07:22:05.308Z,142.229,142.23
2023-12-18T07:22:38.715Z,142.23,142.232
2023-12-18T07:22:55.449Z,142.224,142.226
2023-12-18T07:22:57.539Z,142.218,142.223
2023-12-18T07:22:59.622Z,142.219,142.221
2023-12-18T07:23:02.741Z,142.221,142.223
2023-12-18T07:23:04.833Z,142.225,142.227
2023-12-18T07:23:06.919Z,142.221,142.223
2023-12-18T07:23:09.008Z,142.222,142.224
2023-12-18T07:23:14.372Z,142.225,142.227
2023-12-18T07:23:20.638Z,142.229,142.23
2023-12-18T07:23:22.734Z,142.228,142.229
2023-12-18T07:23:24.830Z,142.225,142.227
2023-12-18T07:23:26.940Z,142.224,142.226
2023-12-18T07:23:29.830Z,142.227,142.229
2023-12-18T07:23:34.036Z,142.228,142.234
2023-12-18T07:23:38.282Z,142.231,142.233
2023-12-18T07:23:40.367Z,142.227,142.229
2023-12-18T07:23:42.454Z,142.226,142.222
2023-12-18T07:23:44.546Z,142.22,142.221
2023-12-18T07:23:48.722Z,142.225,142.227
2023-12-18T07:23:52.936Z,142.223,142.226
2023-12-18T07:23:55.047Z,142.236,142.244
2023-12-18T07:23:57.146Z,142.239,142.242
2023-12-18T07:24:00.539Z,142.238,142.241
2023-12-18T07:24:04.727Z,142.235,142.239
2023-12-18T07:24:08.929Z,142.233,142.238
2023-12-18T07:24:11.023Z,142.244,142.241
2023-12-18T07:24:15.181Z,142.253,142.248
2023-12-18T07:24:17.283Z,142.255,142.257
2023-12-18T07:24:22.355Z,142.254,142.256
2023-12-18T07:24:26.564Z,142.257,142.259
2023-12-18T07:24:28.689Z,142.259,142.261
2023-12-18T07:24:30.789Z,142.257,142.259
2023-12-18T07:24:34.085Z,142.268,142.26
2023-12-18T07:24:38.277Z,142.267,142.27
2023-12-18T07:24:42.471Z,142.266,142.267
2023-12-18T07:24:46.662Z,142.262,142.265
2023-12-18T07:24:50.864Z,142.265,142.264
2023-12-18T07:24:55.105Z,142.266,142.268
2023-12-18T07:25:02.408Z,142.273,142.275
2023-12-18T07:25:05.560Z,142.272,142.274
2023-12-18T07:25:10.839Z,142.276,142.28
2023-12-18T07:25:12.933Z,142.278,142.279
2023-12-18T07:25:16.031Z,142.277,142.28
2023-12-18T07:25:18.134Z,142.278,142.284
2023-12-18T07:25:22.305Z,142.277,142.279
2023-12-18T07:25:25.495Z,142.276,142.281
2023-12-18T07:25:27.600Z,142.279,142.28
2023-12-18T07:25:35.959Z,142.277,142.294
2023-12-18T07:25:38.051Z,142.289,142.291
2023-12-18T07:25:40.147Z,142.288,142.284
2023-12-18T07:25:42.238Z,142.277,142.28
2023-12-18T07:25:52.760Z,142.287,142.29
2023-12-18T07:25:54.858Z,142.288,142.291
2023-12-18T07:25:59.090Z,142.295,142.297
2023-12-18T07:26:01.181Z,142.291,142.294
2023-12-18T07:26:05.386Z,142.288,142.291
2023-12-18T07:26:07.471Z,142.289,142.29
2023-12-18T07:26:14.913Z,142.288,142.291
2023-12-18T07:26:19.074Z,142.285,142.287
2023-12-18T07:26:22.167Z,142.284,142.28
2023-12-18T07:26:26.350Z,142.276,142.277
2023-12-18T07:26:28.449Z,142.277,142.279
2023-12-18T07:26:30.576Z,142.275,142.277
2023-12-18T07:26:36.878Z,142.277,142.278
2023-12-18T07:26:38.990Z,142.278,142.277
2023-12-18T07:26:43.227Z,142.275,142.276
2023-12-18T07:26:46.465Z,142.274,142.277
2023-12-18T07:26:48.589Z,142.275,142.276
2023-12-18T07:26:50.679Z,142.276,142.277
2023-12-18T07:26:52.774Z,142.269,142.27
2023-12-18T07:27:00.095Z,142.265,142.267
2023-12-18T07:27:02.181Z,142.264,142.266
2023-12-18T07:27:05.429Z,142.265,142.267
2023-12-18T07:27:20.094Z,142.268,142.268
2023-12-18T07:27:23.078Z,142.265,142.267
2023-12-18T07:27:27.293Z,142.264,142.264
2023-12-18T07:27:39.848Z,142.262,142.265
2023-12-18T07:27:41.936Z,142.264,142.266
2023-12-18T07:27:50.304Z,142.265,142.267
2023-12-18T07:27:56.599Z,142.264,142.266
2023-12-18T07:27:59.946Z,142.263,142.265
2023-12-18T07:28:02.058Z,142.255,142.256
2023-12-18T07:28:07.115Z,142.256,142.258
2023-12-18T07:28:09.214Z,142.255,142.255
2023-12-18T07:28:11.328Z,142.254,142.256
2023-12-18T07:28:21.878Z,142.255,142.258
2023-12-18T07:28:23.979Z,142.256,142.257
2023-12-18T07:28:26.071Z,142.255,142.261
2023-12-18T07:28:32.379Z,142.26,142.266
2023-12-18T07:28:42.841Z,142.264,142.267
2023-12-18T07:28:44.924Z,142.258,142.261
2023-12-18T07:28:49.094Z,142.26,142.266
2023-12-18T07:28:53.269Z,142.264,142.265
2023-12-18T07:28:58.744Z,142.268,142.266
2023-12-18T07:29:00.889Z,142.267,142.27
2023-12-18T07:29:02.990Z,142.266,142.269
2023-12-18T07:29:05.099Z,142.267,142.267
2023-12-18T07:29:07.200Z,142.266,142.268
2023-12-18T07:29:12.199Z,142.265,142.267
2023-12-18T07:29:14.299Z,142.266,142.276
2023-12-18T07:29:18.480Z,142.278,142.28
2023-12-18T07:29:24.756Z,142.277,142.283
2023-12-18T07:29:30.291Z,142.276,142.279
2023-12-18T07:29:32.389Z,142.275,142.278
2023-12-18T07:29:35.249Z,142.276,142.279
2023-12-18T07:29:37.336Z,142.275,142.277
2023-12-18T07:29:43.653Z,142.27,142.271
2023-12-18T07:29:47.867Z,142.269,142.273
2023-12-18T07:29:56.283Z,142.271,142.274
2023-12-18T07:29:58.383Z,142.272,142.276
2023-12-18T07:30:00.495Z,142.275,142.279
2023-12-18T07:30:04.682Z,142.283,142.29
2023-12-18T07:30:06.797Z,142.289,142.293
2023-12-18T07:30:08.887Z,142.29,142.292
2023-12-18T07:30:10.969Z,142.289,142.29
2023-12-18T07:30:15.199Z,142.296,142.298
2023-12-18T07:30:17.287Z,142.289,142.291
2023-12-18T07:30:20.683Z,142.29,142.292
2023-12-18T07:30:22.759Z,142.288,142.29
2023-12-18T07:30:33.220Z,142.293,142.291
2023-12-18T07:30:35.325Z,142.296,142.295
2023-12-18T07:30:37.414Z,142.298,142.298
2023-12-18T07:30:43.699Z,142.288,142.293
2023-12-18T07:30:49.985Z,142.287,142.289
2023-12-18T07:30:52.115Z,142.289,142.291
2023-12-18T07:30:56.312Z,142.288,142.29
2023-12-18T07:31:02.662Z,142.295,142.298
2023-12-18T07:31:05.568Z,142.301,142.303
2023-12-18T07:31:07.661Z,142.308,142.31
2023-12-18T07:31:11.830Z,142.309,142.311
2023-12-18T07:31:13.927Z,142.308,142.31
2023-12-18T07:31:16.017Z,142.315,142.318
2023-12-18T07:31:18.108Z,142.316,142.319
2023-12-18T07:31:20.216Z,142.336,142.338
2023-12-18T07:31:22.311Z,142.334,142.337
2023-12-18T07:31:24.396Z,142.333,142.33
2023-12-18T07:31:26.485Z,142.329,142.331
2023-12-18T07:31:28.581Z,142.33,142.32
2023-12-18T07:31:30.662Z,142.328,142.33
2023-12-18T07:31:33.946Z,142.329,142.331
2023-12-18T07:31:36.034Z,142.33,142.329
2023-12-18T07:31:38.125Z,142.334,142.337
2023-12-18T07:31:44.417Z,142.335,142.336
2023-12-18T07:31:49.450Z,142.329,142.331
2023-12-18T07:31:51.529Z,142.328,142.33
2023-12-18T07:31:53.613Z,142.329,142.331
2023-12-18T07:31:55.734Z,142.34,142.342
2023-12-18T07:31:57.818Z,142.335,142.34
2023-12-18T07:31:59.899Z,142.337,142.338
2023-12-18T07:32:02.047Z,142.335,142.339
2023-12-18T07:32:04.144Z,142.334,142.336
2023-12-18T07:32:06.245Z,142.335,142.337
2023-12-18T07:32:08.325Z,142.334,142.336
2023-12-18T07:32:11.742Z,142.331,142.332
2023-12-18T07:32:15.981Z,142.33,142.333
2023-12-18T07:32:22.283Z,142.329,142.332
2023-12-18T07:32:24.371Z,142.325,142.327
2023-12-18T07:32:28.565Z,142.315,142.321
2023-12-18T07:32:30.650Z,142.316,142.317
2023-12-18T07:32:33.457Z,142.319,142.322
2023-12-18T07:32:35.548Z,142.315,142.317
2023-12-18T07:32:41.108Z,142.319,142.321
2023-12-18T07:32:43.926Z,142.327,142.328
2023-12-18T07:32:49.447Z,142.333,142.332
2023-12-18T07:32:51.538Z,142.335,142.336
2023-12-18T07:32:53.613Z,142.34,142.338
2023-12-18T07:32:55.742Z,142.338,142.342
2023-12-18T07:32:57.819Z,142.342,142.345
2023-12-18T07:33:02.750Z,142.348,142.35
2023-12-18T07:33:04.829Z,142.343,142.345
2023-12-18T07:33:06.908Z,142.337,142.341
2023-12-18T07:33:08.987Z,142.338,142.34
2023-12-18T07:33:13.191Z,142.339,142.347
2023-12-18T07:33:17.389Z,142.35,142.352
2023-12-18T07:33:29.253Z,142.353,142.355
2023-12-18T07:33:31.356Z,142.35,142.354
2023-12-18T07:33:35.562Z,142.349,142.352
2023-12-18T07:33:37.648Z,142.348,142.351
2023-12-18T07:33:48.175Z,142.344,142.35
2023-12-18T07:33:56.548Z,142.336,142.346
2023-12-18T07:33:58.643Z,142.335,142.338
2023-12-18T07:34:00.753Z,142.334,142.337
2023-12-18T07:34:02.840Z,142.333,142.336
2023-12-18T07:34:04.939Z,142.337,142.335
2023-12-18T07:34:07.059Z,142.325,142.327
2023-12-18T07:34:11.881Z,142.315,142.316
2023-12-18T07:34:18.157Z,142.312,142.314
2023-12-18T07:34:20.245Z,142.309,142.311
2023-12-18T07:34:22.359Z,142.316,142.317
2023-12-18T07:34:24.455Z,142.314,142.316
2023-12-18T07:34:39.141Z,142.315,142.317
2023-12-18T07:34:42.758Z,142.314,142.315
2023-12-18T07:34:44.869Z,142.315,142.316
2023-12-18T07:34:53.271Z,142.316,142.317
2023-12-18T07:34:55.397Z,142.314,142.318
2023-12-18T07:34:57.503Z,142.315,142.317
2023-12-18T07:35:00.269Z,142.314,142.316
2023-12-18T07:35:03.784Z,142.315,142.317
2023-12-18T07:35:07.986Z,142.314,142.316
2023-12-18T07:35:17.076Z,142.32,142.334
2023-12-18T07:35:19.170Z,142.331,142.335
2023-12-18T07:35:22.680Z,142.332,142.334
2023-12-18T07:35:25.435Z,142.338,142.34
2023-12-18T07:35:27.519Z,142.334,142.337
2023-12-18T07:35:31.692Z,142.328,142.331
2023-12-18T07:35:35.267Z,142.325,142.33
2023-12-18T07:35:37.962Z,142.334,142.336
2023-12-18T07:35:40.043Z,142.332,142.335
2023-12-18T07:35:42.135Z,142.335,142.337
2023-12-18T07:35:46.334Z,142.334,142.336
2023-12-18T07:35:48.423Z,142.335,142.338
2023-12-18T07:35:50.526Z,142.343,142.345
2023-12-18T07:35:52.615Z,142.344,142.346
2023-12-18T07:35:58.882Z,142.346,142.347
2023-12-18T07:36:00.985Z,142.343,142.338
2023-12-18T07:36:03.086Z,142.334,142.336
2023-12-18T07:36:05.170Z,142.333,142.337
2023-12-18T07:36:07.257Z,142.33,142.332
2023-12-18T07:36:10.918Z,142.328,142.333
2023-12-18T07:36:13.004Z,142.331,142.33
2023-12-18T07:36:15.127Z,142.33,142.332
2023-12-18T07:36:17.781Z,142.331,142.329
2023-12-18T07:36:19.867Z,142.328,142.328
2023-12-18T07:36:24.040Z,142.327,142.329
2023-12-18T07:36:26.130Z,142.328,142.336
2023-12-18T07:36:30.322Z,142.334,142.337
2023-12-18T07:36:32.422Z,142.341,142.343
2023-12-18T07:36:34.526Z,142.336,142.34
2023-12-18T07:36:36.613Z,142.339,142.341
2023-12-18T07:36:40.787Z,142.341,142.343
2023-12-18T07:36:42.892Z,142.339,142.342
2023-12-18T07:36:47.053Z,142.34,142.343
2023-12-18T07:36:49.138Z,142.335,142.338
2023-12-18T07:36:53.307Z,142.336,142.341
2023-12-18T07:37:05.931Z,142.335,142.337
2023-12-18T07:37:08.023Z,142.334,142.336
2023-12-18T07:37:10.114Z,142.335,142.337
2023-12-18T07:37:18.153Z,142.336,142.338
2023-12-18T07:37:20.609Z,142.345,142.347
2023-12-18T07:37:26.887Z,142.35,142.352
2023-12-18T07:37:28.981Z,142.349,142.351
2023-12-18T07:37:31.083Z,142.352,142.354
2023-12-18T07:37:33.171Z,142.356,142.358
2023-12-18T07:37:35.285Z,142.355,142.357
2023-12-18T07:37:37.366Z,142.356,142.348
2023-12-18T07:37:43.605Z,142.343,142.346
2023-12-18T07:37:47.799Z,142.347,142.349
2023-12-18T07:37:52.018Z,142.348,142.35
2023-12-18T07:37:55.903Z,142.365,142.36
2023-12-18T07:38:02.328Z,142.354,142.367
2023-12-18T07:38:04.424Z,142.347,142.356
2023-12-18T07:38:06.530Z,142.346,142.349
2023-12-18T07:38:11.077Z,142.338,142.341
2023-12-18T07:38:15.305Z,142.339,142.34
2023-12-18T07:38:19.494Z,142.34,142.342
2023-12-18T07:38:21.605Z,142.339,142.341
2023-12-18T07:38:23.707Z,142.338,142.34
2023-12-18T07:38:25.803Z,142.336,142.338
2023-12-18T07:38:29.986Z,142.325,142.326
2023-12-18T07:38:34.171Z,142.326,142.327
2023-12-18T07:38:36.252Z,142.323,142.325
2023-12-18T07:38:42.122Z,142.308,142.312
2023-12-18T07:38:44.235Z,142.307,142.31
2023-12-18T07:38:46.344Z,142.308,142.309
2023-12-18T07:38:50.567Z,142.311,142.31
2023-12-18T07:38:52.665Z,142.31,142.312
2023-12-18T07:38:55.099Z,142.316,142.318
2023-12-18T07:38:57.182Z,142.325,142.326
2023-12-18T07:39:07.374Z,142.328,142.328
2023-12-18T07:39:09.476Z,142.326,142.33
2023-12-18T07:39:13.647Z,142.327,142.328
2023-12-18T07:39:15.734Z,142.328,142.329
2023-12-18T07:39:19.987Z,142.325,142.33
2023-12-18T07:39:22.105Z,142.326,142.327
2023-12-18T07:39:36.780Z,142.327,142.328
2023-12-18T07:39:38.887Z,142.326,142.329
2023-12-18T07:39:43.093Z,142.325,142.328
2023-12-18T07:39:45.216Z,142.324,142.327
2023-12-18T07:39:49.426Z,142.328,142.326
2023-12-18T07:39:51.528Z,142.334,142.33
2023-12-18T07:39:55.716Z,142.336,142.336
2023-12-18T07:40:04.291Z,142.335,142.337
2023-12-18T07:40:08.488Z,142.336,142.338
2023-12-18T07:40:12.740Z,142.333,142.335
2023-12-18T07:40:14.838Z,142.334,142.336
2023-12-18T07:40:21.116Z,142.332,142.335
2023-12-18T07:40:23.234Z,142.334,142.336
2023-12-18T07:40:42.149Z,142.345,142.347
2023-12-18T07:40:44.250Z,142.351,142.353
2023-12-18T07:40:48.427Z,142.348,142.348
2023-12-18T07:40:50.536Z,142.347,142.349
2023-12-18T07:40:56.461Z,142.345,142.348
2023-12-18T07:40:58.544Z,142.346,142.347
2023-12-18T07:41:00.631Z,142.347,142.348
2023-12-18T07:41:02.712Z,142.349,142.35
2023-12-18T07:41:08.978Z,142.348,142.351
2023-12-18T07:41:13.156Z,142.342,142.35
2023-12-18T07:41:15.245Z,142.343,142.344
2023-12-18T07:41:21.536Z,142.341,142.345
2023-12-18T07:41:23.620Z,142.342,142.344
2023-12-18T07:41:25.730Z,142.341,142.343
2023-12-18T07:41:27.827Z,142.343,142.344
2023-12-18T07:41:29.921Z,142.342,142.345
2023-12-18T07:41:32.013Z,142.332,142.334
2023-12-18T07:41:34.091Z,142.336,142.338
2023-12-18T07:41:36.171Z,142.335,142.337
2023-12-18T07:41:38.851Z,142.33,142.331
2023-12-18T07:41:40.942Z,142.331,142.332
2023-12-18T07:41:43.030Z,142.329,142.33
2023-12-18T07:41:49.312Z,142.333,142.335
2023-12-18T07:41:55.593Z,142.334,142.333
2023-12-18T07:41:57.702Z,142.332,142.334
2023-12-18T07:41:59.786Z,142.333,142.335
2023-12-18T07:42:08.186Z,142.329,142.331
2023-12-18T07:42:14.466Z,142.327,142.329
2023-12-18T07:42:16.543Z,142.322,142.324
2023-12-18T07:42:18.635Z,142.323,142.325
2023-12-18T07:42:20.728Z,142.318,142.32
2023-12-18T07:42:22.810Z,142.319,142.319
2023-12-18T07:42:31.160Z,142.323,142.325
2023-12-18T07:42:33.250Z,142.324,142.326
2023-12-18T07:42:35.340Z,142.322,142.324
2023-12-18T07:42:37.434Z,142.323,142.325
2023-12-18T07:42:43.711Z,142.317,142.32
2023-12-18T07:42:47.925Z,142.321,142.323
2023-12-18T07:42:51.684Z,142.318,142.32
2023-12-18T07:43:02.579Z,142.319,142.325
2023-12-18T07:43:06.776Z,142.324,142.326
2023-12-18T07:43:10.981Z,142.325,142.334
2023-12-18T07:43:13.065Z,142.334,142.336
2023-12-18T07:43:15.147Z,142.333,142.335
2023-12-18T07:43:17.240Z,142.326,142.328
2023-12-18T07:43:19.319Z,142.325,142.327
2023-12-18T07:43:21.417Z,142.33,142.332
2023-12-18T07:43:23.487Z,142.329,142.331
2023-12-18T07:43:27.641Z,142.322,142.324
2023-12-18T07:43:29.719Z,142.319,142.321
2023-12-18T07:43:38.087Z,142.323,142.328
2023-12-18T07:43:40.186Z,142.326,142.326
2023-12-18T07:43:42.274Z,142.336,142.338
2023-12-18T07:43:44.367Z,142.337,142.339
2023-12-18T07:43:46.459Z,142.335,142.338
2023-12-18T07:43:50.635Z,142.343,142.346
2023-12-18T07:43:52.725Z,142.353,142.355
2023-12-18T07:43:56.918Z,142.344,142.346
2023-12-18T07:43:59.016Z,142.345,142.347
2023-12-18T07:44:01.089Z,142.344,142.346
2023-12-18T07:44:03.164Z,142.336,142.338
2023-12-18T07:44:09.540Z,142.337,142.34
2023-12-18T07:44:13.654Z,142.335,142.337
2023-12-18T07:44:17.938Z,142.334,142.336
2023-12-18T07:44:34.747Z,142.335,142.337
2023-12-18T07:44:36.882Z,142.333,142.335
2023-12-18T07:44:41.072Z,142.334,142.336
2023-12-18T07:44:43.172Z,142.332,142.334
2023-12-18T07:44:45.300Z,142.333,142.335
2023-12-18T07:44:49.516Z,142.332,142.334
2023-12-18T07:44:55.486Z,142.313,142.321
2023-12-18T07:44:57.586Z,142.299,142.315
2023-12-18T07:44:59.690Z,142.297,142.301
2023-12-18T07:45:01.810Z,142.288,142.299
2023-12-18T07:45:03.948Z,142.29,142.289
2023-12-18T07:45:06.049Z,142.293,142.292
2023-12-18T07:45:08.195Z,142.292,142.296
2023-12-18T07:45:10.288Z,142.294,142.295
2023-12-18T07:45:12.368Z,142.295,142.296
2023-12-18T07:45:18.653Z,142.293,142.297
2023-12-18T07:45:20.750Z,142.298,142.295
2023-12-18T07:45:22.829Z,142.302,142.3
2023-12-18T07:45:24.919Z,142.297,142.304
2023-12-18T07:45:27.039Z,142.298,142.299
2023-12-18T07:45:29.135Z,142.296,142.301
2023-12-18T07:45:31.221Z,142.295,142.298
2023-12-18T07:45:33.331Z,142.292,142.297
2023-12-18T07:45:35.443Z,142.294,142.295
2023-12-18T07:45:37.555Z,142.287,142.296
2023-12-18T07:45:41.766Z,142.288,142.289
2023-12-18T07:45:50.214Z,142.289,142.29
2023-12-18T07:45:52.311Z,142.287,142.291
2023-12-18T07:45:54.444Z,142.297,142.289
2023-12-18T07:45:56.577Z,142.295,142.299
2023-12-18T07:45:58.675Z,142.294,142.297
2023-12-18T07:46:00.761Z,142.293,142.296
2023-12-18T07:46:02.853Z,142.305,142.295
2023-12-18T07:46:04.943Z,142.303,142.308
2023-12-18T07:46:07.044Z,142.305,142.307
2023-12-18T07:46:09.311Z,142.317,142.319
2023-12-18T07:46:11.447Z,142.325,142.326
2023-12-18T07:46:15.632Z,142.324,142.327
2023-12-18T07:46:21.697Z,142.323,142.326
2023-12-18T07:46:23.787Z,142.309,142.325
2023-12-18T07:46:25.904Z,142.314,142.311
2023-12-18T07:46:36.383Z,142.313,142.316
2023-12-18T07:46:40.598Z,142.312,142.315
2023-12-18T07:46:42.691Z,142.314,142.314
2023-12-18T07:46:48.981Z,142.313,142.315
2023-12-18T07:46:51.232Z,142.314,142.316
2023-12-18T07:46:55.393Z,142.315,142.317
2023-12-18T07:46:57.472Z,142.314,142.316
2023-12-18T07:47:03.756Z,142.313,142.315
2023-12-18T07:47:05.859Z,142.315,142.317
2023-12-18T07:47:07.948Z,142.314,142.316
2023-12-18T07:47:10.042Z,142.313,142.315
2023-12-18T07:47:12.131Z,142.309,142.31
2023-12-18T07:47:18.425Z,142.313,142.315
2023-12-18T07:47:24.710Z,142.316,142.318
2023-12-18T07:47:26.824Z,142.324,142.326
2023-12-18T07:47:31.008Z,142.323,142.325
2023-12-18T07:47:33.089Z,142.316,142.318
2023-12-18T07:47:35.174Z,142.312,142.314
2023-12-18T07:47:39.252Z,142.313,142.315
2023-12-18T07:47:45.663Z,142.317,142.317
2023-12-18T07:47:47.756Z,142.314,142.316
2023-12-18T07:47:49.828Z,142.318,142.32
2023-12-18T07:47:51.894Z,142.317,142.319
2023-12-18T07:47:53.973Z,142.319,142.321
2023-12-18T07:47:58.153Z,142.334,142.336
2023-12-18T07:48:00.335Z,142.328,142.33
2023-12-18T07:48:02.448Z,142.327,142.329
2023-12-18T07:48:04.583Z,142.323,142.325
2023-12-18T07:48:06.710Z,142.334,142.336
2023-12-18T07:48:08.847Z,142.328,142.33
2023-12-18T07:48:11.050Z,142.323,142.325
2023-12-18T07:48:13.144Z,142.324,142.326
2023-12-18T07:48:19.455Z,142.326,142.328
2023-12-18T07:48:21.550Z,142.315,142.327
2023-12-18T07:48:23.646Z,142.314,142.316
2023-12-18T07:48:25.730Z,142.318,142.32
2023-12-18T07:48:27.835Z,142.323,142.325
2023-12-18T07:48:34.109Z,142.316,142.318
2023-12-18T07:48:40.424Z,142.317,142.319
2023-12-18T07:48:42.523Z,142.322,142.324
2023-12-18T07:48:48.777Z,142.331,142.33
2023-12-18T07:48:50.865Z,142.332,142.334
2023-12-18T07:48:55.078Z,142.326,142.332
2023-12-18T07:48:57.171Z,142.324,142.326
2023-12-18T07:48:59.257Z,142.316,142.318
2023-12-18T07:49:01.366Z,142.314,142.316
2023-12-18T07:49:03.467Z,142.316,142.318
2023-12-18T07:49:09.808Z,142.312,142.314
2023-12-18T07:49:11.915Z,142.311,142.313
2023-12-18T07:49:14.019Z,142.312,142.314
2023-12-18T07:49:18.209Z,142.325,142.327
2023-12-18T07:49:20.293Z,142.324,142.326
2023-12-18T07:49:22.404Z,142.327,142.329
2023-12-18T07:49:24.504Z,142.326,142.328
2023-12-18T07:49:28.730Z,142.327,142.329
2023-12-18T07:49:43.424Z,142.324,142.327
2023-12-18T07:49:45.517Z,142.323,142.325
2023-12-18T07:49:49.737Z,142.332,142.323
2023-12-18T07:49:51.840Z,142.334,142.336
2023-12-18T07:49:53.923Z,142.335,142.337
2023-12-18T07:49:56.020Z,142.345,142.346
2023-12-18T07:49:58.144Z,142.346,142.347
2023-12-18T07:50:01.941Z,142.345,142.346
2023-12-18T07:50:08.223Z,142.344,142.347
2023-12-18T07:50:10.314Z,142.345,142.346
2023-12-18T07:50:14.555Z,142.344,142.347
2023-12-18T07:50:19.148Z,142.332,142.334
2023-12-18T07:50:23.323Z,142.338,142.335
2023-12-18T07:50:25.405Z,142.341,142.343
2023-12-18T07:50:29.597Z,142.343,142.345
2023-12-18T07:50:40.068Z,142.344,142.346
2023-12-18T07:50:44.271Z,142.349,142.35
2023-12-18T07:50:46.354Z,142.35,142.353
2023-12-18T07:50:48.473Z,142.347,142.349
2023-12-18T07:50:50.581Z,142.349,142.351
2023-12-18T07:50:52.682Z,142.36,142.362
2023-12-18T07:50:56.870Z,142.359,142.361
2023-12-18T07:50:58.969Z,142.361,142.364
2023-12-18T07:51:01.054Z,142.356,142.357
2023-12-18T07:51:04.806Z,142.355,142.356
2023-12-18T07:51:06.936Z,142.354,142.358
2023-12-18T07:51:09.024Z,142.357,142.359
2023-12-18T07:51:11.639Z,142.356,142.358
2023-12-18T07:51:13.751Z,142.357,142.359
2023-12-18T07:51:15.846Z,142.355,142.356
2023-12-18T07:51:17.937Z,142.354,142.357
2023-12-18T07:51:22.120Z,142.353,142.356
2023-12-18T07:51:26.288Z,142.345,142.347
2023-12-18T07:51:30.473Z,142.346,142.348
2023-12-18T07:51:32.560Z,142.345,142.347
2023-12-18T07:51:38.881Z,142.346,142.348
2023-12-18T07:51:43.066Z,142.343,142.345
2023-12-18T07:51:49.371Z,142.342,142.344
2023-12-18T07:51:53.585Z,142.332,142.335
2023-12-18T07:51:57.751Z,142.33,142.332
2023-12-18T07:51:59.829Z,142.331,142.333
2023-12-18T07:52:01.908Z,142.332,142.334
2023-12-18T07:52:06.098Z,142.329,142.335
2023-12-18T07:52:08.185Z,142.333,142.334
2023-12-18T07:52:12.022Z,142.332,142.338
2023-12-18T07:52:14.113Z,142.336,142.337
2023-12-18T07:52:18.283Z,142.335,142.335
2023-12-18T07:52:20.382Z,142.333,142.336
2023-12-18T07:52:22.485Z,142.334,142.337
2023-12-18T07:52:26.667Z,142.335,142.334
2023-12-18T07:52:30.834Z,142.332,142.333
2023-12-18T07:52:45.938Z,142.335,142.337
2023-12-18T07:52:52.212Z,142.334,142.335
2023-12-18T07:53:00.630Z,142.326,142.328
2023-12-18T07:53:04.416Z,142.325,142.327
2023-12-18T07:53:15.275Z,142.341,142.343
2023-12-18T07:53:19.022Z,142.344,142.346
2023-12-18T07:53:21.118Z,142.346,142.348
2023-12-18T07:53:25.272Z,142.345,142.35
2023-12-18T07:53:27.349Z,142.348,142.365
2023-12-18T07:53:31.526Z,142.363,142.362
2023-12-18T07:53:33.602Z,142.36,142.363
2023-12-18T07:53:35.684Z,142.357,142.36
2023-12-18T07:53:37.782Z,142.361,142.363
2023-12-18T07:53:42.448Z,142.37,142.372
2023-12-18T07:53:44.540Z,142.374,142.373
2023-12-18T07:53:48.726Z,142.388,142.387
2023-12-18T07:53:52.518Z,142.389,142.39
2023-12-18T07:53:54.616Z,142.388,142.398
2023-12-18T07:53:56.709Z,142.386,142.386
2023-12-18T07:54:03.055Z,142.385,142.396
2023-12-18T07:54:05.148Z,142.394,142.394
2023-12-18T07:54:07.246Z,142.392,142.397
2023-12-18T07:54:09.372Z,142.395,142.399
2023-12-18T07:54:11.449Z,142.398,142.406
2023-12-18T07:54:13.530Z,142.403,142.404
2023-12-18T07:54:15.612Z,142.401,142.399
2023-12-18T07:54:19.795Z,142.396,142.397
2023-12-18T07:54:21.880Z,142.393,142.39
2023-12-18T07:54:28.180Z,142.387,142.388
2023-12-18T07:54:30.273Z,142.384,142.384
2023-12-18T07:54:32.354Z,142.382,142.385
2023-12-18T07:54:34.474Z,142.383,142.386
2023-12-18T07:54:36.562Z,142.386,142.389
2023-12-18T07:54:38.666Z,142.388,142.394
2023-12-18T07:54:42.855Z,142.392,142.389
2023-12-18T07:54:44.945Z,142.388,142.388
2023-12-18T07:54:47.023Z,142.387,142.389
2023-12-18T07:54:49.706Z,142.391,142.393
2023-12-18T07:54:51.814Z,142.387,142.389
2023-12-18T07:54:56.003Z,142.382,142.386
2023-12-18T07:55:02.377Z,142.383,142.384
2023-12-18T07:55:08.611Z,142.374,142.376
2023-12-18T07:55:10.707Z,142.383,142.386
2023-12-18T07:55:16.971Z,142.382,142.385
2023-12-18T07:55:19.062Z,142.379,142.384
2023-12-18T07:55:22.769Z,142.382,142.385
2023-12-18T07:55:24.861Z,142.383,142.39
2023-12-18T07:55:26.959Z,142.387,142.388
2023-12-18T07:55:29.075Z,142.383,142.376
2023-12-18T07:55:31.166Z,142.374,142.375
2023-12-18T07:55:33.284Z,142.373,142.376
2023-12-18T07:55:37.458Z,142.374,142.375
2023-12-18T07:55:54.243Z,142.373,142.37
2023-12-18T07:55:58.459Z,142.367,142.377
2023-12-18T07:56:02.644Z,142.375,142.375
2023-12-18T07:56:04.770Z,142.366,142.366
2023-12-18T07:56:11.062Z,142.365,142.369
2023-12-18T07:56:13.146Z,142.367,142.368
2023-12-18T07:56:15.235Z,142.366,142.369
2023-12-18T07:56:17.683Z,142.364,142.366
2023-12-18T07:56:25.725Z,142.369,142.378
2023-12-18T07:56:29.891Z,142.366,142.366
2023-12-18T07:56:34.059Z,142.364,142.367
2023-12-18T07:56:36.174Z,142.365,142.368
2023-12-18T07:56:40.408Z,142.367,142.369
2023-12-18T07:56:42.930Z,142.374,142.376
2023-12-18T07:56:45.016Z,142.373,142.375
2023-12-18T07:56:51.261Z,142.375,142.377
2023-12-18T07:56:53.382Z,142.374,142.376
2023-12-18T07:56:55.484Z,142.373,142.374
2023-12-18T07:57:03.872Z,142.384,142.386
2023-12-18T07:57:11.827Z,142.385,142.406
2023-12-18T07:57:13.954Z,142.406,142.408
2023-12-18T07:57:18.532Z,142.396,142.398
2023-12-18T07:57:22.692Z,142.404,142.406
2023-12-18T07:57:26.856Z,142.403,142.405
2023-12-18T07:57:28.931Z,142.402,142.404
2023-12-18T07:57:31.044Z,142.414,142.414
2023-12-18T07:57:33.148Z,142.413,142.416
2023-12-18T07:57:36.973Z,142.414,142.406
2023-12-18T07:57:39.085Z,142.404,142.407
2023-12-18T07:57:41.164Z,142.402,142.405
2023-12-18T07:57:43.251Z,142.403,142.386
2023-12-18T07:57:45.342Z,142.383,142.384
2023-12-18T07:57:49.899Z,142.394,142.396
2023-12-18T07:57:54.082Z,142.393,142.395
2023-12-18T07:57:58.286Z,142.388,142.39
2023-12-18T07:58:00.384Z,142.392,142.394
2023-12-18T07:58:02.472Z,142.381,142.393
2023-12-18T07:58:04.580Z,142.382,142.384
2023-12-18T07:58:06.684Z,142.375,142.378
2023-12-18T07:58:08.781Z,142.374,142.376
2023-12-18T07:58:10.934Z,142.373,142.375
2023-12-18T07:58:15.116Z,142.375,142.377
2023-12-18T07:58:19.327Z,142.376,142.378
2023-12-18T07:58:23.537Z,142.378,142.377
2023-12-18T07:58:27.711Z,142.377,142.379
2023-12-18T07:58:29.796Z,142.378,142.38
2023-12-18T07:58:31.885Z,142.374,142.376
2023-12-18T07:58:33.979Z,142.366,142.368
2023-12-18T07:58:36.087Z,142.369,142.37
2023-12-18T07:58:41.970Z,142.368,142.378
2023-12-18T07:58:46.151Z,142.376,142.379
2023-12-18T07:58:48.247Z,142.377,142.38
2023-12-18T07:58:50.334Z,142.379,142.381
2023-12-18T07:58:55.035Z,142.378,142.38
2023-12-18T07:58:57.118Z,142.382,142.385
2023-12-18T07:59:07.085Z,142.383,142.384
2023-12-18T07:59:09.667Z,142.388,142.39
2023-12-18T07:59:11.802Z,142.387,142.389
2023-12-18T07:59:13.891Z,142.386,142.388
2023-12-18T07:59:15.979Z,142.385,142.387
2023-12-18T07:59:18.090Z,142.386,142.388
2023-12-18T07:59:20.184Z,142.37,142.376
2023-12-18T07:59:24.379Z,142.372,142.374
2023-12-18T07:59:30.138Z,142.373,142.375
2023-12-18T07:59:34.831Z,142.38,142.373
2023-12-18T07:59:39.017Z,142.379,142.381
2023-12-18T07:59:41.104Z,142.378,142.38
2023-12-18T07:59:43.195Z,142.375,142.378
2023-12-18T07:59:45.295Z,142.382,142.381
2023-12-18T07:59:49.508Z,142.383,142.384
2023-12-18T07:59:51.601Z,142.388,142.39
2023-12-18T07:59:53.680Z,142.402,142.394
2023-12-18T07:59:55.770Z,142.4,142.402
2023-12-18T07:59:57.864Z,142.397,142.4
2023-12-18T07:59:59.949Z,142.384,142.386
2023-12-18T08:00:04.186Z,142.399,142.401
2023-12-18T08:00:06.274Z,142.405,142.407
2023-12-18T08:00:08.367Z,142.398,142.406
2023-12-18T08:00:10.484Z,142.404,142.408
2023-12-18T08:00:12.587Z,142.403,142.405
2023-12-18T08:00:14.707Z,142.396,142.398
2023-12-18T08:00:16.798Z,142.387,142.387
2023-12-18T08:00:18.925Z,142.377,142.384
2023-12-18T08:00:21.026Z,142.384,142.379
2023-12-18T08:00:23.140Z,142.382,142.385
2023-12-18T08:00:25.243Z,142.374,142.375
2023-12-18T08:00:27.327Z,142.373,142.376
2023-12-18T08:00:29.414Z,142.372,142.374
2023-12-18T08:00:33.589Z,142.362,142.372
2023-12-18T08:00:35.666Z,142.349,142.356
2023-12-18T08:00:37.760Z,142.356,142.357
2023-12-18T08:00:39.846Z,142.364,142.365
2023-12-18T08:00:44.010Z,142.371,142.368
2023-12-18T08:00:48.213Z,142.352,142.365
2023-12-18T08:00:50.346Z,142.351,142.353
2023-12-18T08:00:52.456Z,142.347,142.349
2023-12-18T08:00:54.547Z,142.354,142.355
2023-12-18T08:00:56.640Z,142.347,142.356
2023-12-18T08:00:58.740Z,142.35,142.353
2023-12-18T08:01:00.831Z,142.347,142.349
2023-12-18T08:01:02.917Z,142.353,142.355
2023-12-18T08:01:05.015Z,142.365,142.368
2023-12-18T08:01:07.096Z,142.357,142.358
2023-12-18T08:01:09.173Z,142.363,142.365
2023-12-18T08:01:11.239Z,142.357,142.359
2023-12-18T08:01:13.324Z,142.37,142.368
2023-12-18T08:01:15.412Z,142.366,142.369
2023-12-18T08:01:25.660Z,142.367,142.384
2023-12-18T08:01:27.755Z,142.38,142.368
2023-12-18T08:01:29.857Z,142.365,142.365
2023-12-18T08:01:31.947Z,142.373,142.376
2023-12-18T08:01:34.041Z,142.374,142.379
2023-12-18T08:01:36.179Z,142.377,142.376
2023-12-18T08:01:38.277Z,142.374,142.377
2023-12-18T08:01:42.487Z,142.375,142.376
2023-12-18T08:01:46.675Z,142.374,142.377
2023-12-18T08:01:48.760Z,142.375,142.374
2023-12-18T08:01:55.045Z,142.372,142.365
2023-12-18T08:01:57.129Z,142.363,142.373
2023-12-18T08:02:01.311Z,142.371,142.36
2023-12-18T08:02:03.420Z,142.358,142.363
2023-12-18T08:02:05.521Z,142.361,142.359
2023-12-18T08:02:07.603Z,142.357,142.354
2023-12-18T08:02:09.703Z,142.352,142.355
2023-12-18T08:02:11.829Z,142.354,142.354
2023-12-18T08:02:13.955Z,142.352,142.357
2023-12-18T08:02:18.136Z,142.355,142.359
2023-12-18T08:02:20.250Z,142.357,142.358
2023-12-18T08:02:22.353Z,142.365,142.377
2023-12-18T08:02:24.437Z,142.376,142.393
2023-12-18T08:02:26.528Z,142.392,142.402
2023-12-18T08:02:28.621Z,142.399,142.399
2023-12-18T08:02:30.710Z,142.397,142.397
2023-12-18T08:02:32.842Z,142.395,142.407
2023-12-18T08:02:34.955Z,142.405,142.417
2023-12-18T08:02:37.063Z,142.415,142.416
2023-12-18T08:02:39.155Z,142.411,142.419
2023-12-18T08:02:43.361Z,142.417,142.416
2023-12-18T08:02:47.577Z,142.414,142.414
2023-12-18T08:02:51.803Z,142.412,142.408
2023-12-18T08:02:55.977Z,142.406,142.409
2023-12-18T08:02:58.113Z,142.407,142.416
2023-12-18T08:03:06.783Z,142.414,142.417
2023-12-18T08:03:08.870Z,142.415,142.416
2023-12-18T08:03:10.958Z,142.414,142.402
2023-12-18T08:03:15.154Z,142.4,142.397
2023-12-18T08:03:17.246Z,142.395,142.403
2023-12-18T08:03:19.348Z,142.402,142.399
2023-12-18T08:03:21.432Z,142.397,142.4
2023-12-18T08:03:23.517Z,142.398,142.399
2023-12-18T08:03:27.696Z,142.397,142.404
2023-12-18T08:03:29.772Z,142.402,142.423
2023-12-18T08:03:31.888Z,142.421,142.428
2023-12-18T08:03:33.987Z,142.434,142.447
2023-12-18T08:03:36.077Z,142.444,142.482
2023-12-18T08:03:38.165Z,142.48,142.48
2023-12-18T08:03:40.258Z,142.488,142.491
2023-12-18T08:03:42.358Z,142.489,142.494
2023-12-18T08:03:44.462Z,142.492,142.513
2023-12-18T08:03:46.560Z,142.514,142.524
2023-12-18T08:03:48.649Z,142.522,142.536
2023-12-18T08:03:50.757Z,142.534,142.539
2023-12-18T08:03:52.895Z,142.537,142.533
2023-12-18T08:03:55.006Z,142.531,142.527
2023-12-18T08:03:57.116Z,142.525,142.516
2023-12-18T08:03:59.212Z,142.514,142.527
2023-12-18T08:04:01.300Z,142.525,142.521
2023-12-18T08:04:03.491Z,142.519,142.514
2023-12-18T08:04:05.691Z,142.512,142.513
2023-12-18T08:04:07.782Z,142.511,142.515
2023-12-18T08:04:09.891Z,142.513,142.514
2023-12-18T08:04:11.974Z,142.512,142.512
2023-12-18T08:04:14.098Z,142.51,142.514
2023-12-18T08:04:16.270Z,142.512,142.507
2023-12-18T08:04:18.374Z,142.505,142.508
2023-12-18T08:04:20.457Z,142.506,142.513
2023-12-18T08:04:22.543Z,142.511,142.512
2023-12-18T08:04:28.884Z,142.51,142.502
2023-12-18T08:04:30.990Z,142.5,142.5
2023-12-18T08:04:33.080Z,142.498,142.508
2023-12-18T08:04:35.157Z,142.506,142.498
2023-12-18T08:04:37.240Z,142.496,142.492
2023-12-18T08:04:39.322Z,142.49,142.489
2023-12-18T08:04:45.582Z,142.487,142.487
2023-12-18T08:04:47.705Z,142.485,142.489
2023-12-18T08:04:49.798Z,142.487,142.496
2023-12-18T08:04:51.893Z,142.494,142.497
2023-12-18T08:04:53.980Z,142.495,142.496
2023-12-18T08:04:56.082Z,142.491,142.49
2023-12-18T08:04:58.163Z,142.488,142.493
2023-12-18T08:05:00.325Z,142.491,142.492
2023-12-18T08:05:04.531Z,142.49,142.49
2023-12-18T08:05:06.614Z,142.488,142.485
2023-12-18T08:05:08.703Z,142.482,142.492
2023-12-18T08:05:10.818Z,142.49,142.491
2023-12-18T08:05:17.068Z,142.489,142.495
2023-12-18T08:05:19.164Z,142.494,142.491
2023-12-18T08:05:21.276Z,142.489,142.494
2023-12-18T08:05:23.367Z,142.49,142.499
2023-12-18T08:05:25.486Z,142.496,142.505
2023-12-18T08:05:27.606Z,142.503,142.516
2023-12-18T08:05:29.701Z,142.51,142.509
2023-12-18T08:05:33.880Z,142.507,142.504
2023-12-18T08:05:35.966Z,142.502,142.499
2023-12-18T08:05:38.040Z,142.497,142.492
2023-12-18T08:05:40.127Z,142.49,142.479
2023-12-18T08:05:42.263Z,142.477,142.478
2023-12-18T08:05:44.344Z,142.476,142.477
2023-12-18T08:05:46.441Z,142.475,142.469
2023-12-18T08:05:48.538Z,142.473,142.481
2023-12-18T08:05:50.625Z,142.48,142.484
2023-12-18T08:05:52.725Z,142.482,142.483
2023-12-18T08:05:54.804Z,142.481,142.474
2023-12-18T08:05:56.899Z,142.472,142.473
2023-12-18T08:05:59.003Z,142.471,142.467
2023-12-18T08:06:01.082Z,142.465,142.478
2023-12-18T08:06:03.175Z,142.476,142.461
2023-12-18T08:06:05.342Z,142.459,142.468
2023-12-18T08:06:09.595Z,142.465,142.467
2023-12-18T08:06:11.696Z,142.453,142.455
2023-12-18T08:06:13.798Z,142.452,142.454
2023-12-18T08:06:18.064Z,142.446,142.448
2023-12-18T08:06:20.146Z,142.453,142.455
2023-12-18T08:06:22.238Z,142.454,142.456
2023-12-18T08:06:26.410Z,142.453,142.455
2023-12-18T08:06:28.506Z,142.45,142.452
2023-12-18T08:06:30.620Z,142.453,142.455
2023-12-18T08:06:32.697Z,142.454,142.456
2023-12-18T08:06:39.018Z,142.461,142.463
2023-12-18T08:06:43.210Z,142.468,142.46
2023-12-18T08:06:45.300Z,142.469,142.471
2023-12-18T08:06:47.381Z,142.47,142.472
2023-12-18T08:06:49.491Z,142.473,142.475
2023-12-18T08:06:51.585Z,142.474,142.476
2023-12-18T08:06:55.752Z,142.473,142.475
2023-12-18T08:06:57.859Z,142.474,142.476
2023-12-18T08:06:59.970Z,142.473,142.475
2023-12-18T08:07:02.098Z,142.474,142.476
2023-12-18T08:07:04.186Z,142.46,142.462
2023-12-18T08:07:06.318Z,142.455,142.455
2023-12-18T08:07:08.426Z,142.446,142.449
2023-12-18T08:07:10.515Z,142.445,142.452
2023-12-18T08:07:12.604Z,142.444,142.446
2023-12-18T08:07:14.728Z,142.445,142.452
2023-12-18T08:07:16.810Z,142.451,142.453
2023-12-18T08:07:21.030Z,142.455,142.457
2023-12-18T08:07:23.135Z,142.448,142.45
2023-12-18T08:07:25.234Z,142.447,142.449
2023-12-18T08:07:27.360Z,142.444,142.446
2023-12-18T08:07:31.552Z,142.445,142.447
2023-12-18T08:07:33.668Z,142.456,142.458
2023-12-18T08:07:35.758Z,142.459,142.461
2023-12-18T08:07:37.867Z,142.456,142.458
2023-12-18T08:07:39.960Z,142.46,142.462
2023-12-18T08:07:42.071Z,142.461,142.463
2023-12-18T08:07:44.193Z,142.47,142.472
2023-12-18T08:07:46.299Z,142.468,142.47
2023-12-18T08:07:50.475Z,142.469,142.471
2023-12-18T08:07:56.793Z,142.471,142.473
2023-12-18T08:08:03.204Z,142.478,142.481
2023-12-18T08:08:05.298Z,142.484,142.486
2023-12-18T08:08:07.388Z,142.49,142.492
2023-12-18T08:08:09.474Z,142.502,142.504
2023-12-18T08:08:13.650Z,142.495,142.499
2023-12-18T08:08:17.825Z,142.503,142.505
2023-12-18T08:08:19.922Z,142.504,142.506
2023-12-18T08:08:30.391Z,142.501,142.503
2023-12-18T08:08:34.429Z,142.493,142.495
2023-12-18T08:08:40.883Z,142.494,142.496
2023-12-18T08:08:42.980Z,142.495,142.497
2023-12-18T08:08:45.062Z,142.496,142.498
2023-12-18T08:08:47.145Z,142.495,142.497
2023-12-18T08:08:49.229Z,142.494,142.496
2023-12-18T08:08:51.315Z,142.495,142.497
2023-12-18T08:08:53.455Z,142.506,142.507
2023-12-18T08:08:55.533Z,142.511,142.513
2023-12-18T08:08:57.621Z,142.51,142.512
2023-12-18T08:08:59.711Z,142.505,142.507
2023-12-18T08:09:01.892Z,142.506,142.508
2023-12-18T08:09:04.081Z,142.501,142.503
2023-12-18T08:09:06.164Z,142.504,142.506
2023-12-18T08:09:10.343Z,142.503,142.505
2023-12-18T08:09:12.437Z,142.504,142.506
2023-12-18T08:09:14.559Z,142.503,142.505
2023-12-18T08:09:18.745Z,142.496,142.498
2023-12-18T08:09:20.871Z,142.486,142.487
2023-12-18T08:09:22.977Z,142.478,142.48
2023-12-18T08:09:25.068Z,142.477,142.479
2023-12-18T08:09:27.164Z,142.479,142.481
2023-12-18T08:09:29.256Z,142.48,142.482
2023-12-18T08:09:33.433Z,142.485,142.487
2023-12-18T08:09:35.522Z,142.487,142.489
2023-12-18T08:09:37.603Z,142.48,142.482
2023-12-18T08:09:39.708Z,142.479,142.481
2023-12-18T08:09:41.795Z,142.475,142.477
2023-12-18T08:09:43.885Z,142.478,142.48
2023-12-18T08:09:45.987Z,142.48,142.482
2023-12-18T08:09:48.075Z,142.482,142.485
2023-12-18T08:09:54.361Z,142.477,142.477
2023-12-18T08:09:56.459Z,142.468,142.47
2023-12-18T08:09:58.549Z,142.465,142.467
2023-12-18T08:10:00.670Z,142.462,142.464
2023-12-18T08:10:02.769Z,142.466,142.468
2023-12-18T08:10:04.863Z,142.476,142.478
2023-12-18T08:10:06.950Z,142.465,142.467
2023-12-18T08:10:09.027Z,142.463,142.465
2023-12-18T08:10:11.242Z,142.46,142.462
2023-12-18T08:10:13.378Z,142.456,142.458
2023-12-18T08:10:15.487Z,142.457,142.459
2023-12-18T08:10:19.673Z,142.458,142.46
2023-12-18T08:10:21.775Z,142.463,142.465
2023-12-18T08:10:25.828Z,142.461,142.469
2023-12-18T08:10:29.991Z,142.462,142.465
2023-12-18T08:10:32.116Z,142.467,142.464
2023-12-18T08:10:34.208Z,142.468,142.471
2023-12-18T08:10:36.292Z,142.47,142.47
2023-12-18T08:10:38.381Z,142.471,142.472
2023-12-18T08:10:46.966Z,142.475,142.477
2023-12-18T08:10:49.057Z,142.473,142.476
2023-12-18T08:10:51.151Z,142.481,142.483
2023-12-18T08:10:53.252Z,142.48,142.482
2023-12-18T08:10:57.425Z,142.471,142.473
2023-12-18T08:10:59.510Z,142.474,142.476
2023-12-18T08:11:03.531Z,142.481,142.477
2023-12-18T08:11:05.674Z,142.48,142.483
2023-12-18T08:11:09.888Z,142.477,142.482
2023-12-18T08:11:11.977Z,142.476,142.477
2023-12-18T08:11:14.082Z,142.48,142.478
2023-12-18T08:11:16.167Z,142.484,142.482
2023-12-18T08:11:18.268Z,142.485,142.486
2023-12-18T08:11:22.423Z,142.484,142.487
2023-12-18T08:11:24.499Z,142.488,142.486
2023-12-18T08:11:26.584Z,142.486,142.49
2023-12-18T08:11:32.870Z,142.483,142.488
2023-12-18T08:11:34.983Z,142.475,142.486
2023-12-18T08:11:37.092Z,142.465,142.477
2023-12-18T08:11:39.198Z,142.459,142.467
2023-12-18T08:11:41.296Z,142.462,142.461
2023-12-18T08:11:43.382Z,142.463,142.464
2023-12-18T08:11:45.466Z,142.47,142.468
2023-12-18T08:11:47.558Z,142.468,142.471
2023-12-18T08:11:51.720Z,142.472,142.47
2023-12-18T08:11:55.891Z,142.471,142.474
2023-12-18T08:11:57.987Z,142.469,142.473
2023-12-18T08:12:00.088Z,142.465,142.471
2023-12-18T08:12:02.179Z,142.459,142.469
2023-12-18T08:12:04.270Z,142.452,142.461
2023-12-18T08:12:06.354Z,142.447,142.454
2023-12-18T08:12:08.446Z,142.452,142.449
2023-12-18T08:12:10.548Z,142.459,142.454
2023-12-18T08:12:12.654Z,142.463,142.462
2023-12-18T08:12:14.753Z,142.454,142.465
2023-12-18T08:12:16.856Z,142.448,142.455
2023-12-18T08:12:18.954Z,142.449,142.451
2023-12-18T08:12:21.055Z,142.451,142.452
2023-12-18T08:12:23.153Z,142.46,142.453
2023-12-18T08:12:25.253Z,142.457,142.463
2023-12-18T08:12:27.336Z,142.458,142.458
2023-12-18T08:12:29.462Z,142.462,142.46
2023-12-18T08:12:31.554Z,142.465,142.464
2023-12-18T08:12:33.654Z,142.462,142.467
2023-12-18T08:12:35.741Z,142.463,142.464
2023-12-18T08:12:50.623Z,142.459,142.462
2023-12-18T08:12:54.833Z,142.465,142.467
2023-12-18T08:12:56.945Z,142.464,142.466
2023-12-18T08:13:01.148Z,142.461,142.463
2023-12-18T08:13:03.252Z,142.464,142.466
2023-12-18T08:13:07.271Z,142.466,142.467
2023-12-18T08:13:13.680Z,142.465,142.468
2023-12-18T08:13:15.781Z,142.475,142.467
2023-12-18T08:13:17.874Z,142.465,142.477
2023-12-18T08:13:19.969Z,142.464,142.467
2023-12-18T08:13:22.069Z,142.465,142.466
2023-12-18T08:13:24.172Z,142.473,142.467
2023-12-18T08:13:26.267Z,142.474,142.475
2023-12-18T08:13:30.446Z,142.473,142.476
2023-12-18T08:13:32.536Z,142.474,142.475
2023-12-18T08:13:34.615Z,142.481,142.476
2023-12-18T08:13:36.687Z,142.493,142.483
2023-12-18T08:13:38.766Z,142.494,142.495
2023-12-18T08:13:40.899Z,142.498,142.496
2023-12-18T08:13:42.983Z,142.497,142.5
2023-12-18T08:13:47.149Z,142.498,142.499
2023-12-18T08:13:49.233Z,142.496,142.5
2023-12-18T08:13:51.311Z,142.5,142.499
2023-12-18T08:13:53.399Z,142.499,142.501
2023-12-18T08:13:55.611Z,142.496,142.498
2023-12-18T08:13:57.700Z,142.495,142.497
2023-12-18T08:13:59.809Z,142.492,142.494
2023-12-18T08:14:01.910Z,142.487,142.489
2023-12-18T08:14:03.991Z,142.49,142.491
2023-12-18T08:14:12.381Z,142.485,142.487
2023-12-18T08:14:14.466Z,142.475,142.477
2023-12-18T08:14:16.566Z,142.47,142.472
2023-12-18T08:14:18.651Z,142.473,142.475
2023-12-18T08:14:20.747Z,142.486,142.488
2023-12-18T08:14:22.825Z,142.484,142.486
2023-12-18T08:14:26.942Z,142.483,142.485
2023-12-18T08:14:29.174Z,142.487,142.484
2023-12-18T08:14:31.289Z,142.491,142.493
2023-12-18T08:14:33.367Z,142.486,142.488
2023-12-18T08:14:35.459Z,142.491,142.499
2023-12-18T08:14:37.550Z,142.504,142.506
2023-12-18T08:14:39.641Z,142.515,142.518
2023-12-18T08:14:41.726Z,142.529,142.531
2023-12-18T08:14:45.906Z,142.526,142.525
2023-12-18T08:14:47.978Z,142.53,142.532
2023-12-18T08:14:50.082Z,142.532,142.534
2023-12-18T08:14:54.263Z,142.522,142.524
2023-12-18T08:14:58.457Z,142.517,142.519
2023-12-18T08:15:00.549Z,142.516,142.518
2023-12-18T08:15:02.650Z,142.514,142.516
2023-12-18T08:15:04.762Z,142.512,142.514
2023-12-18T08:15:06.851Z,142.501,142.503
2023-12-18T08:15:09.018Z,142.495,142.497
2023-12-18T08:15:11.297Z,142.49,142.495
2023-12-18T08:15:13.392Z,142.484,142.487
2023-12-18T08:15:17.574Z,142.482,142.484
2023-12-18T08:15:19.659Z,142.472,142.474
2023-12-18T08:15:21.743Z,142.466,142.468
2023-12-18T08:15:23.819Z,142.461,142.463
2023-12-18T08:15:25.895Z,142.463,142.465
2023-12-18T08:15:27.996Z,142.464,142.466
2023-12-18T08:15:30.106Z,142.456,142.461
2023-12-18T08:15:32.193Z,142.463,142.464
2023-12-18T08:15:40.672Z,142.468,142.47
2023-12-18T08:15:42.770Z,142.467,142.469
2023-12-18T08:15:46.961Z,142.459,142.461
2023-12-18T08:15:51.167Z,142.469,142.471
2023-12-18T08:15:53.261Z,142.468,142.47
2023-12-18T08:15:55.344Z,142.48,142.482
2023-12-18T08:15:57.441Z,142.458,142.46
2023-12-18T08:15:59.528Z,142.46,142.462
2023-12-18T08:16:03.719Z,142.459,142.461
2023-12-18T08:16:07.926Z,142.455,142.457
2023-12-18T08:16:12.006Z,142.448,142.456
2023-12-18T08:16:14.119Z,142.452,142.45
2023-12-18T08:16:16.207Z,142.454,142.454
2023-12-18T08:16:18.321Z,142.455,142.456
2023-12-18T08:16:20.407Z,142.467,142.457
2023-12-18T08:16:22.498Z,142.469,142.469
2023-12-18T08:16:24.605Z,142.471,142.472
2023-12-18T08:16:28.794Z,142.47,142.473
2023-12-18T08:16:33.011Z,142.459,142.472
2023-12-18T08:16:35.108Z,142.457,142.461
2023-12-18T08:16:37.236Z,142.468,142.459
2023-12-18T08:16:41.378Z,142.469,142.47
2023-12-18T08:16:47.634Z,142.471,142.471
2023-12-18T08:16:49.717Z,142.472,142.473
2023-12-18T08:16:56.028Z,142.476,142.474
2023-12-18T08:16:58.108Z,142.477,142.478
2023-12-18T08:17:00.349Z,142.489,142.479
2023-12-18T08:17:02.427Z,142.486,142.491
2023-12-18T08:17:04.507Z,142.477,142.488
2023-12-18T08:17:06.613Z,142.482,142.479
2023-12-18T08:17:08.692Z,142.484,142.484
2023-12-18T08:17:10.799Z,142.475,142.486
2023-12-18T08:17:12.875Z,142.468,142.477
2023-12-18T08:17:17.106Z,142.474,142.47
2023-12-18T08:17:19.196Z,142.473,142.476
2023-12-18T08:17:21.309Z,142.474,142.475
2023-12-18T08:17:23.389Z,142.472,142.476
2023-12-18T08:17:25.459Z,142.474,142.474
2023-12-18T08:17:27.538Z,142.476,142.476
2023-12-18T08:17:31.701Z,142.466,142.478
2023-12-18T08:17:33.781Z,142.465,142.467
2023-12-18T08:17:36.115Z,142.464,142.466
2023-12-18T08:17:38.208Z,142.469,142.471
2023-12-18T08:17:42.405Z,142.474,142.48
2023-12-18T08:17:44.492Z,142.475,142.477
2023-12-18T08:17:46.585Z,142.474,142.476
2023-12-18T08:17:48.668Z,142.473,142.475
2023-12-18T08:17:50.749Z,142.474,142.476
2023-12-18T08:17:52.838Z,142.473,142.475
2023-12-18T08:17:54.914Z,142.472,142.474
2023-12-18T08:18:01.176Z,142.48,142.476
2023-12-18T08:18:05.375Z,142.474,142.475
2023-12-18T08:18:11.582Z,142.475,142.476
2023-12-18T08:18:13.692Z,142.465,142.477
2023-12-18T08:18:15.772Z,142.464,142.467
2023-12-18T08:18:17.923Z,142.462,142.466
2023-12-18T08:18:19.997Z,142.464,142.464
2023-12-18T08:18:22.125Z,142.46,142.466
2023-12-18T08:18:24.206Z,142.466,142.462
2023-12-18T08:18:32.534Z,142.467,142.468
2023-12-18T08:18:36.723Z,142.466,142.469
2023-12-18T08:18:38.808Z,142.478,142.468
2023-12-18T08:18:40.896Z,142.482,142.48
2023-12-18T08:18:42.980Z,142.479,142.484
2023-12-18T08:18:45.080Z,142.476,142.482
2023-12-18T08:18:49.292Z,142.48,142.478
2023-12-18T08:18:53.500Z,142.479,142.482
2023-12-18T08:18:57.662Z,142.48,142.481
2023-12-18T08:18:59.736Z,142.479,142.482
2023-12-18T08:19:01.822Z,142.466,142.481
2023-12-18T08:19:03.920Z,142.467,142.465
2023-12-18T08:19:06.015Z,142.471,142.469
2023-12-18T08:19:08.112Z,142.478,142.473
2023-12-18T08:19:10.199Z,142.47,142.487
2023-12-18T08:19:12.278Z,142.471,142.47
2023-12-18T08:19:14.402Z,142.47,142.472
2023-12-18T08:19:16.697Z,142.467,142.469
2023-12-18T08:19:18.806Z,142.468,142.47
2023-12-18T08:19:20.907Z,142.469,142.471
2023-12-18T08:19:22.983Z,142.468,142.469
2023-12-18T08:19:29.204Z,142.469,142.471
2023-12-18T08:19:35.446Z,142.468,142.47
2023-12-18T08:19:37.518Z,142.467,142.459
2023-12-18T08:19:39.618Z,142.454,142.456
2023-12-18T08:19:41.682Z,142.449,142.451
2023-12-18T08:19:43.784Z,142.451,142.453
2023-12-18T08:19:50.067Z,142.445,142.447
2023-12-18T08:19:52.163Z,142.432,142.434
2023-12-18T08:19:56.383Z,142.426,142.428
2023-12-18T08:19:58.518Z,142.427,142.429
2023-12-18T08:20:00.610Z,142.422,142.424
2023-12-18T08:20:02.704Z,142.41,142.412
2023-12-18T08:20:04.879Z,142.405,142.407
2023-12-18T08:20:06.979Z,142.404,142.406
2023-12-18T08:20:11.216Z,142.405,142.407
2023-12-18T08:20:13.300Z,142.404,142.406
2023-12-18T08:20:15.433Z,142.411,142.413
2023-12-18T08:20:19.648Z,142.405,142.407
2023-12-18T08:20:21.755Z,142.429,142.431
2023-12-18T08:20:23.844Z,142.43,142.432
2023-12-18T08:20:26.016Z,142.437,142.439
2023-12-18T08:20:28.184Z,142.443,142.445
2023-12-18T08:20:30.301Z,142.434,142.436
2023-12-18T08:20:32.461Z,142.436,142.438
2023-12-18T08:20:34.578Z,142.431,142.436
2023-12-18T08:20:36.670Z,142.437,142.438
2023-12-18T08:20:40.681Z,142.436,142.435
2023-12-18T08:20:42.794Z,142.429,142.428
2023-12-18T08:20:44.875Z,142.425,142.425
2023-12-18T08:20:49.072Z,142.423,142.419
2023-12-18T08:20:51.184Z,142.417,142.418
2023-12-18T08:20:53.278Z,142.416,142.422
2023-12-18T08:20:55.368Z,142.42,142.418
2023-12-18T08:20:57.451Z,142.416,142.417
2023-12-18T08:20:59.601Z,142.415,142.408
2023-12-18T08:21:03.769Z,142.406,142.409
2023-12-18T08:21:05.847Z,142.407,142.408
2023-12-18T08:21:07.993Z,142.406,142.407
2023-12-18T08:21:10.075Z,142.405,142.411
2023-12-18T08:21:12.155Z,142.409,142.415
2023-12-18T08:21:14.255Z,142.413,142.412
2023-12-18T08:21:16.350Z,142.405,142.416
2023-12-18T08:21:18.447Z,142.414,142.409
2023-12-18T08:21:22.614Z,142.403,142.403
2023-12-18T08:21:24.697Z,142.402,142.406
2023-12-18T08:21:26.790Z,142.404,142.404
2023-12-18T08:21:28.880Z,142.401,142.402
2023-12-18T08:21:30.980Z,142.399,142.401
2023-12-18T08:21:33.251Z,142.407,142.409
2023-12-18T08:21:37.441Z,142.41,142.412
2023-12-18T08:21:39.532Z,142.411,142.413
2023-12-18T08:21:41.632Z,142.406,142.408
2023-12-18T08:21:43.768Z,142.408,142.41
2023-12-18T08:21:45.862Z,142.411,142.413
2023-12-18T08:21:52.152Z,142.412,142.414
2023-12-18T08:21:54.246Z,142.413,142.415
2023-12-18T08:21:56.331Z,142.422,142.424
2023-12-18T08:21:58.410Z,142.415,142.417
2023-12-18T08:22:00.524Z,142.422,142.424
2023-12-18T08:22:02.596Z,142.423,142.425
2023-12-18T08:22:04.684Z,142.425,142.428
2023-12-18T08:22:06.761Z,142.427,142.429
2023-12-18T08:22:08.838Z,142.431,142.433
2023-12-18T08:22:10.962Z,142.434,142.436
2023-12-18T08:22:13.100Z,142.431,142.433
2023-12-18T08:22:15.221Z,142.436,142.438
2023-12-18T08:22:19.444Z,142.441,142.443
2023-12-18T08:22:21.545Z,142.44,142.442
2023-12-18T08:22:23.655Z,142.445,142.447
2023-12-18T08:22:25.761Z,142.437,142.439
2023-12-18T08:22:27.841Z,142.436,142.438
2023-12-18T08:22:29.990Z,142.438,142.44
2023-12-18T08:22:32.077Z,142.439,142.441
2023-12-18T08:22:36.281Z,142.438,142.44
2023-12-18T08:22:40.477Z,142.432,142.434
2023-12-18T08:22:46.772Z,142.431,142.433
2023-12-18T08:22:48.879Z,142.432,142.434
2023-12-18T08:22:50.980Z,142.443,142.445
2023-12-18T08:22:53.082Z,142.451,142.453
2023-12-18T08:22:55.183Z,142.45,142.452
2023-12-18T08:22:59.247Z,142.442,142.451
2023-12-18T08:23:01.327Z,142.438,142.444
2023-12-18T08:23:05.511Z,142.441,142.44
2023-12-18T08:23:07.700Z,142.439,142.443
2023-12-18T08:23:09.821Z,142.442,142.441
2023-12-18T08:23:11.937Z,142.441,142.444
2023-12-18T08:23:14.047Z,142.439,142.443
2023-12-18T08:23:16.175Z,142.438,142.441
2023-12-18T08:23:18.273Z,142.439,142.44
2023-12-18T08:23:20.364Z,142.438,142.441
2023-12-18T08:23:22.470Z,142.437,142.44
2023-12-18T08:23:28.747Z,142.432,142.439
2023-12-18T08:23:30.834Z,142.428,142.434
2023-12-18T08:23:32.923Z,142.431,142.432
2023-12-18T08:23:35.022Z,142.44,142.433
2023-12-18T08:23:37.107Z,142.442,142.442
2023-12-18T08:23:39.211Z,142.443,142.444
2023-12-18T08:23:41.312Z,142.449,142.445
2023-12-18T08:23:43.428Z,142.45,142.451
2023-12-18T08:23:45.648Z,142.441,142.443
2023-12-18T08:23:47.778Z,142.442,142.444
2023-12-18T08:23:54.104Z,142.441,142.443
2023-12-18T08:23:56.207Z,142.44,142.442
2023-12-18T08:23:58.292Z,142.441,142.443
2023-12-18T08:24:08.802Z,142.44,142.442
2023-12-18T08:24:13.139Z,142.418,142.432
2023-12-18T08:24:15.276Z,142.417,142.42
2023-12-18T08:24:17.404Z,142.419,142.419
2023-12-18T08:24:19.495Z,142.424,142.421
2023-12-18T08:24:21.607Z,142.431,142.426
2023-12-18T08:24:27.919Z,142.435,142.434
2023-12-18T08:24:30.015Z,142.436,142.437
2023-12-18T08:24:32.108Z,142.434,142.438
2023-12-18T08:24:34.190Z,142.435,142.436
2023-12-18T08:24:38.376Z,142.432,142.437
2023-12-18T08:24:40.541Z,142.424,142.434
2023-12-18T08:24:42.640Z,142.425,142.426
2023-12-18T08:24:44.729Z,142.431,142.427
2023-12-18T08:24:46.818Z,142.432,142.433
2023-12-18T08:24:48.947Z,142.424,142.436
2023-12-18T08:24:53.156Z,142.421,142.423
2023-12-18T08:24:55.268Z,142.415,142.417
2023-12-18T08:24:57.356Z,142.42,142.422
2023-12-18T08:24:59.471Z,142.421,142.423
2023-12-18T08:25:01.558Z,142.411,142.413
2023-12-18T08:25:03.636Z,142.407,142.409
2023-12-18T08:25:05.740Z,142.402,142.404
2023-12-18T08:25:07.858Z,142.411,142.413
2023-12-18T08:25:09.995Z,142.405,142.407
2023-12-18T08:25:12.072Z,142.403,142.405
2023-12-18T08:25:14.155Z,142.411,142.413
2023-12-18T08:25:16.258Z,142.412,142.414
2023-12-18T08:25:18.367Z,142.404,142.406
2023-12-18T08:25:20.457Z,142.403,142.405
2023-12-18T08:25:22.565Z,142.393,142.395
2023-12-18T08:25:24.671Z,142.38,142.382
2023-12-18T08:25:26.755Z,142.363,142.365
2023-12-18T08:25:28.854Z,142.361,142.363
2023-12-18T08:25:30.951Z,142.354,142.356
2023-12-18T08:25:33.060Z,142.356,142.358
2023-12-18T08:25:35.181Z,142.358,142.36
2023-12-18T08:25:37.290Z,142.356,142.358
2023-12-18T08:25:41.348Z,142.355,142.354
2023-12-18T08:25:45.538Z,142.352,142.356
2023-12-18T08:25:47.623Z,142.354,142.355
2023-12-18T08:25:49.722Z,142.353,142.347
2023-12-18T08:25:51.802Z,142.345,142.346
2023-12-18T08:25:55.964Z,142.344,142.334
2023-12-18T08:25:58.066Z,142.332,142.348
2023-12-18T08:26:02.343Z,142.352,142.351
2023-12-18T08:26:04.493Z,142.349,142.346
2023-12-18T08:26:14.995Z,142.344,142.348
2023-12-18T08:26:19.213Z,142.347,142.347
2023-12-18T08:26:21.298Z,142.345,142.346
2023-12-18T08:26:23.403Z,142.344,142.347
2023-12-18T08:26:25.480Z,142.345,142.355
2023-12-18T08:26:27.561Z,142.353,142.353
2023-12-18T08:26:29.633Z,142.351,142.354
2023-12-18T08:26:31.724Z,142.352,142.347
2023-12-18T08:26:35.912Z,142.345,142.358
2023-12-18T08:26:38.002Z,142.361,142.363
2023-12-18T08:26:40.253Z,142.364,142.366
2023-12-18T08:26:44.455Z,142.363,142.365
2023-12-18T08:26:46.579Z,142.364,142.366
2023-12-18T08:26:52.828Z,142.363,142.365
2023-12-18T08:26:54.917Z,142.368,142.37
2023-12-18T08:26:57.000Z,142.369,142.371
2023-12-18T08:26:59.111Z,142.373,142.375
2023-12-18T08:27:01.201Z,142.377,142.379
2023-12-18T08:27:05.372Z,142.384,142.381
2023-12-18T08:27:07.466Z,142.385,142.387
2023-12-18T08:27:09.551Z,142.383,142.385
2023-12-18T08:27:11.682Z,142.384,142.386
2023-12-18T08:27:13.768Z,142.385,142.387
2023-12-18T08:27:15.901Z,142.395,142.396
2023-12-18T08:27:20.086Z,142.402,142.402
2023-12-18T08:27:22.199Z,142.403,142.405
2023-12-18T08:27:24.319Z,142.401,142.403
2023-12-18T08:27:26.462Z,142.384,142.387
2023-12-18T08:27:30.650Z,142.389,142.391
2023-12-18T08:27:32.760Z,142.392,142.394
2023-12-18T08:27:36.978Z,142.393,142.395
2023-12-18T08:27:39.070Z,142.391,142.394
2023-12-18T08:27:41.148Z,142.392,142.395
2023-12-18T08:27:45.317Z,142.391,142.393
2023-12-18T08:27:49.491Z,142.39,142.392
2023-12-18T08:27:51.567Z,142.387,142.389
2023-12-18T08:27:53.645Z,142.392,142.394
2023-12-18T08:27:55.726Z,142.391,142.393
2023-12-18T08:27:59.892Z,142.392,142.394
2023-12-18T08:28:02.119Z,142.403,142.405
2023-12-18T08:28:04.218Z,142.404,142.407
2023-12-18T08:28:06.311Z,142.405,142.41
2023-12-18T08:28:08.403Z,142.403,142.406
2023-12-18T08:28:10.501Z,142.383,142.385
2023-12-18T08:28:12.590Z,142.384,142.386
2023-12-18T08:28:14.677Z,142.369,142.37
2023-12-18T08:28:16.779Z,142.364,142.366
2023-12-18T08:28:18.860Z,142.363,142.365
2023-12-18T08:28:20.941Z,142.362,142.364
2023-12-18T08:28:31.382Z,142.371,142.374
2023-12-18T08:28:37.705Z,142.374,142.376
2023-12-18T08:28:39.793Z,142.378,142.38
2023-12-18T08:28:41.930Z,142.38,142.383
2023-12-18T08:28:44.016Z,142.386,142.388
2023-12-18T08:28:46.125Z,142.382,142.384
2023-12-18T08:28:48.229Z,142.373,142.375
2023-12-18T08:28:52.413Z,142.363,142.365
2023-12-18T08:28:58.513Z,142.364,142.357
2023-12-18T08:29:00.631Z,142.353,142.364
2023-12-18T08:29:02.726Z,142.364,142.374
2023-12-18T08:29:04.821Z,142.372,142.376
2023-12-18T08:29:08.990Z,142.374,142.377
2023-12-18T08:29:15.673Z,142.384,142.386
2023-12-18T08:29:17.806Z,142.382,142.384
2023-12-18T08:29:19.907Z,142.384,142.385
2023-12-18T08:29:24.083Z,142.387,142.389
2023-12-18T08:29:26.186Z,142.384,142.387
2023-12-18T08:29:30.375Z,142.383,142.385
2023-12-18T08:29:34.564Z,142.384,142.386
2023-12-18T08:29:45.029Z,142.383,142.385
2023-12-18T08:29:57.540Z,142.382,142.384
2023-12-18T08:30:03.544Z,142.383,142.385
2023-12-18T08:30:05.641Z,142.384,142.388
2023-12-18T08:30:07.722Z,142.376,142.377
2023-12-18T08:30:11.912Z,142.375,142.379
2023-12-18T08:30:14.003Z,142.376,142.377
2023-12-18T08:30:18.184Z,142.375,142.381
2023-12-18T08:30:20.280Z,142.379,142.38
2023-12-18T08:30:22.370Z,142.38,142.386
2023-12-18T08:30:24.461Z,142.384,142.396
2023-12-18T08:30:26.542Z,142.394,142.401
2023-12-18T08:30:28.659Z,142.399,142.404
2023-12-18T08:30:30.755Z,142.403,142.405
2023-12-18T08:30:33.218Z,142.395,142.397
2023-12-18T08:30:35.308Z,142.396,142.398
2023-12-18T08:30:41.254Z,142.393,142.395
2023-12-18T08:30:43.345Z,142.394,142.396
2023-12-18T08:30:45.774Z,142.396,142.398
2023-12-18T08:30:47.914Z,142.39,142.392
2023-12-18T08:30:50.010Z,142.383,142.385
2023-12-18T08:30:52.110Z,142.381,142.383
2023-12-18T08:30:54.210Z,142.38,142.382
2023-12-18T08:30:56.291Z,142.383,142.385
2023-12-18T08:30:58.385Z,142.391,142.393
2023-12-18T08:31:02.400Z,142.39,142.392
2023-12-18T08:31:04.504Z,142.391,142.393
2023-12-18T08:31:11.060Z,142.393,142.395
2023-12-18T08:31:15.263Z,142.392,142.394
2023-12-18T08:31:17.363Z,142.393,142.395
2023-12-18T08:31:19.453Z,142.392,142.394
2023-12-18T08:31:23.641Z,142.378,142.387
2023-12-18T08:31:25.733Z,142.379,142.381
2023-12-18T08:31:27.843Z,142.387,142.389
2023-12-18T08:31:29.936Z,142.386,142.388
2023-12-18T08:31:32.049Z,142.385,142.387
2023-12-18T08:31:36.229Z,142.387,142.389
2023-12-18T08:31:42.234Z,142.373,142.359
2023-12-18T08:31:44.330Z,142.356,142.356
2023-12-18T08:31:46.441Z,142.354,142.363
2023-12-18T08:31:48.568Z,142.361,142.35
2023-12-18T08:31:50.702Z,142.348,142.32
2023-12-18T08:31:52.784Z,142.328,142.334
2023-12-18T08:31:54.873Z,142.331,142.332
2023-12-18T08:31:56.970Z,142.325,142.335
2023-12-18T08:32:01.218Z,142.339,142.342
2023-12-18T08:32:03.307Z,142.342,142.334
2023-12-18T08:32:05.553Z,142.332,142.337
2023-12-18T08:32:07.656Z,142.335,142.327
2023-12-18T08:32:09.749Z,142.325,142.333
2023-12-18T08:32:11.843Z,142.331,142.337
2023-12-18T08:32:16.008Z,142.335,142.336
2023-12-18T08:32:18.087Z,142.334,142.337
2023-12-18T08:32:20.174Z,142.335,142.335
2023-12-18T08:32:22.257Z,142.333,142.334
2023-12-18T08:32:24.352Z,142.332,142.331
2023-12-18T08:32:26.455Z,142.329,142.346
2023-12-18T08:32:30.613Z,142.344,142.347
2023-12-18T08:32:34.789Z,142.345,142.343
2023-12-18T08:32:41.055Z,142.341,142.344
2023-12-18T08:32:43.142Z,142.342,142.34
2023-12-18T08:32:45.248Z,142.338,142.343
2023-12-18T08:32:47.380Z,142.341,142.344
2023-12-18T08:32:49.505Z,142.342,142.345
2023-12-18T08:32:51.607Z,142.343,142.348
2023-12-18T08:32:55.836Z,142.346,142.349
2023-12-18T08:32:57.932Z,142.347,142.359
2023-12-18T08:33:00.047Z,142.357,142.356
2023-12-18T08:33:04.272Z,142.354,142.359
2023-12-18T08:33:06.346Z,142.357,142.355
2023-12-18T08:33:08.421Z,142.354,142.348
2023-12-18T08:33:10.507Z,142.346,142.347
2023-12-18T08:33:14.662Z,142.344,142.336
2023-12-18T08:33:16.746Z,142.334,142.333
2023-12-18T08:33:18.826Z,142.326,142.329
2023-12-18T08:33:20.916Z,142.327,142.334
2023-12-18T08:33:23.009Z,142.333,142.335
2023-12-18T08:33:25.332Z,142.337,142.34
2023-12-18T08:33:29.510Z,142.334,142.336
2023-12-18T08:33:35.817Z,142.332,142.334
2023-12-18T08:33:40.024Z,142.333,142.336
2023-12-18T08:33:42.137Z,142.332,142.335
2023-12-18T08:33:44.235Z,142.326,142.326
2023-12-18T08:33:46.335Z,142.328,142.33
2023-12-18T08:33:52.297Z,142.325,142.326
2023-12-18T08:33:54.381Z,142.324,142.325
2023-12-18T08:33:56.468Z,142.323,142.326
2023-12-18T08:34:02.746Z,142.325,142.332
2023-12-18T08:34:04.833Z,142.33,142.335
2023-12-18T08:34:06.962Z,142.333,142.338
2023-12-18T08:34:09.036Z,142.336,142.336
2023-12-18T08:34:11.168Z,142.334,142.339
2023-12-18T08:34:15.354Z,142.337,142.334
2023-12-18T08:34:17.441Z,142.332,142.333
2023-12-18T08:34:19.534Z,142.331,142.331
2023-12-18T08:34:21.634Z,142.332,142.334
2023-12-18T08:34:28.382Z,142.335,142.337
2023-12-18T08:34:30.484Z,142.338,142.34
2023-12-18T08:34:32.578Z,142.329,142.339
2023-12-18T08:34:34.686Z,142.328,142.33
2023-12-18T08:34:36.785Z,142.332,142.334
2023-12-18T08:34:40.518Z,142.333,142.335
2023-12-18T08:34:45.183Z,142.329,142.332
2023-12-18T08:34:47.277Z,142.33,142.333
2023-12-18T08:34:49.376Z,142.329,142.331
2023-12-18T08:34:51.468Z,142.312,142.314
2023-12-18T08:34:53.548Z,142.316,142.318
2023-12-18T08:34:55.640Z,142.323,142.325
2023-12-18T08:34:57.731Z,142.329,142.335
2023-12-18T08:34:59.833Z,142.328,142.333
2023-12-18T08:35:04.029Z,142.332,142.334
2023-12-18T08:35:06.115Z,142.334,142.336
2023-12-18T08:35:08.193Z,142.339,142.341
2023-12-18T08:35:10.278Z,142.342,142.344
2023-12-18T08:35:12.377Z,142.34,142.339
2023-12-18T08:35:14.464Z,142.343,142.348
2023-12-18T08:35:16.544Z,142.341,142.344
2023-12-18T08:35:20.517Z,142.342,142.345
2023-12-18T08:35:22.609Z,142.343,142.346
2023-12-18T08:35:24.963Z,142.345,142.345
2023-12-18T08:35:27.048Z,142.348,142.35
2023-12-18T08:35:29.131Z,142.351,142.352
2023-12-18T08:35:31.238Z,142.345,142.347
2023-12-18T08:35:33.343Z,142.348,142.342
2023-12-18T08:35:37.327Z,142.34,142.327
2023-12-18T08:35:39.405Z,142.325,142.328
2023-12-18T08:35:43.610Z,142.326,142.321
2023-12-18T08:35:45.702Z,142.33,142.332
2023-12-18T08:35:48.058Z,142.327,142.329
2023-12-18T08:35:50.158Z,142.328,142.33
2023-12-18T08:35:52.242Z,142.329,142.331
2023-12-18T08:35:54.333Z,142.326,142.33
2023-12-18T08:35:58.519Z,142.325,142.327
2023-12-18T08:36:00.632Z,142.328,142.326
2023-12-18T08:36:02.716Z,142.33,142.332
2023-12-18T08:36:04.825Z,142.331,142.333
2023-12-18T08:36:06.911Z,142.334,142.336
2023-12-18T08:36:10.843Z,142.338,142.341
2023-12-18T08:36:12.964Z,142.339,142.339
2023-12-18T08:36:15.081Z,142.337,142.334
2023-12-18T08:36:19.257Z,142.332,142.333
2023-12-18T08:36:21.347Z,142.331,142.336
2023-12-18T08:36:23.428Z,142.333,142.335
2023-12-18T08:36:25.508Z,142.332,142.326
2023-12-18T08:36:27.595Z,142.324,142.333
2023-12-18T08:36:33.864Z,142.331,142.321
2023-12-18T08:36:38.046Z,142.319,142.324
2023-12-18T08:36:42.265Z,142.322,142.335
2023-12-18T08:36:44.353Z,142.333,142.336
2023-12-18T08:36:46.660Z,142.332,142.334
2023-12-18T08:36:48.748Z,142.34,142.341
2023-12-18T08:36:55.019Z,142.342,142.343
2023-12-18T08:36:57.110Z,142.34,142.342
2023-12-18T08:37:05.518Z,142.336,142.337
2023-12-18T08:37:07.629Z,142.333,142.335
2023-12-18T08:37:13.967Z,142.331,142.333
2023-12-18T08:37:16.069Z,142.332,142.334
2023-12-18T08:37:20.169Z,142.333,142.336
2023-12-18T08:37:22.347Z,142.332,142.334
2023-12-18T08:37:30.762Z,142.334,142.336
2023-12-18T08:37:32.865Z,142.332,142.334
2023-12-18T08:37:34.946Z,142.333,142.335
2023-12-18T08:37:37.050Z,142.334,142.336
2023-12-18T08:37:39.160Z,142.331,142.333
2023-12-18T08:37:43.343Z,142.332,142.334
2023-12-18T08:37:45.429Z,142.333,142.335
2023-12-18T08:37:47.523Z,142.343,142.345
2023-12-18T08:37:49.610Z,142.348,142.35
2023-12-18T08:37:51.725Z,142.343,142.345
2023-12-18T08:37:53.814Z,142.347,142.349
2023-12-18T08:37:55.899Z,142.348,142.35
2023-12-18T08:37:58.005Z,142.347,142.349
2023-12-18T08:38:02.240Z,142.35,142.351
2023-12-18T08:38:06.471Z,142.359,142.361
2023-12-18T08:38:08.606Z,142.358,142.36
2023-12-18T08:38:10.715Z,142.354,142.356
2023-12-18T08:38:12.806Z,142.358,142.36
2023-12-18T08:38:16.984Z,142.352,142.353
2023-12-18T08:38:33.764Z,142.353,142.355
2023-12-18T08:38:37.999Z,142.354,142.356
2023-12-18T08:38:40.084Z,142.352,142.354
2023-12-18T08:38:50.588Z,142.341,142.343
2023-12-18T08:38:54.429Z,142.342,142.354
2023-12-18T08:38:56.523Z,142.353,142.355
2023-12-18T08:39:01.133Z,142.347,142.349
2023-12-18T08:39:03.235Z,142.352,142.353
2023-12-18T08:39:05.335Z,142.353,142.355
2023-12-18T08:39:07.447Z,142.351,142.353
2023-12-18T08:39:13.753Z,142.353,142.355
2023-12-18T08:39:15.822Z,142.34,142.343
2023-12-18T08:39:17.930Z,142.342,142.344
2023-12-18T08:39:20.017Z,142.339,142.341
2023-12-18T08:39:22.089Z,142.342,142.342
2023-12-18T08:39:26.265Z,142.341,142.344
2023-12-18T08:39:28.372Z,142.351,142.353
2023-12-18T08:39:30.455Z,142.352,142.354
2023-12-18T08:39:32.546Z,142.353,142.355
2023-12-18T08:39:36.704Z,142.358,142.36
2023-12-18T08:39:40.887Z,142.357,142.359
2023-12-18T08:39:47.139Z,142.358,142.36
2023-12-18T08:39:49.214Z,142.359,142.361
2023-12-18T08:39:51.320Z,142.357,142.359
2023-12-18T08:39:55.240Z,142.356,142.354
2023-12-18T08:40:01.539Z,142.352,142.355
2023-12-18T08:40:03.642Z,142.353,142.359
2023-12-18T08:40:05.750Z,142.357,142.355
2023-12-18T08:40:07.845Z,142.353,142.354
2023-12-18T08:40:12.042Z,142.352,142.355
2023-12-18T08:40:14.187Z,142.353,142.356
2023-12-18T08:40:18.392Z,142.354,142.355
2023-12-18T08:40:20.543Z,142.353,142.344
2023-12-18T08:40:22.624Z,142.342,142.345
2023-12-18T08:40:24.704Z,142.343,142.346
2023-12-18T08:40:26.805Z,142.344,142.345
2023-12-18T08:40:28.896Z,142.343,142.346
2023-12-18T08:40:31.003Z,142.344,142.355
2023-12-18T08:40:33.113Z,142.353,142.36
2023-12-18T08:40:35.216Z,142.358,142.359
2023-12-18T08:40:37.514Z,142.356,142.358
2023-12-18T08:40:39.613Z,142.353,142.355
2023-12-18T08:40:41.740Z,142.354,142.356
2023-12-18T08:40:54.321Z,142.355,142.357
2023-12-18T08:40:56.416Z,142.354,142.356
2023-12-18T08:41:11.165Z,142.353,142.355
2023-12-18T08:41:13.246Z,142.352,142.354
2023-12-18T08:41:15.331Z,142.354,142.356
2023-12-18T08:41:23.652Z,142.362,142.358
2023-12-18T08:41:25.734Z,142.375,142.375
2023-12-18T08:41:29.905Z,142.374,142.376
2023-12-18T08:41:31.983Z,142.375,142.377
2023-12-18T08:41:34.066Z,142.381,142.383
2023-12-18T08:41:36.192Z,142.382,142.384
2023-12-18T08:41:38.287Z,142.381,142.383
2023-12-18T08:41:40.358Z,142.373,142.375
2023-12-18T08:41:44.561Z,142.371,142.373
2023-12-18T08:41:46.683Z,142.369,142.371
2023-12-18T08:41:48.801Z,142.361,142.363
2023-12-18T08:41:52.984Z,142.36,142.362
2023-12-18T08:41:55.065Z,142.354,142.36
2023-12-18T08:41:57.150Z,142.358,142.362
2023-12-18T08:41:59.241Z,142.361,142.363
2023-12-18T08:42:01.376Z,142.36,142.362
2023-12-18T08:42:05.549Z,142.358,142.36
2023-12-18T08:42:07.667Z,142.359,142.361
2023-12-18T08:42:11.903Z,142.356,142.356
2023-12-18T08:42:16.136Z,142.354,142.355
2023-12-18T08:42:18.225Z,142.36,142.362
2023-12-18T08:42:20.350Z,142.359,142.361
2023-12-18T08:42:22.442Z,142.36,142.366
2023-12-18T08:42:24.581Z,142.366,142.368
2023-12-18T08:42:26.724Z,142.364,142.367
2023-12-18T08:42:28.825Z,142.38,142.382
2023-12-18T08:42:30.928Z,142.382,142.384
2023-12-18T08:42:33.016Z,142.38,142.382
2023-12-18T08:42:35.110Z,142.371,142.373
2023-12-18T08:42:37.217Z,142.373,142.375
2023-12-18T08:42:39.305Z,142.372,142.374
2023-12-18T08:42:41.391Z,142.374,142.376
2023-12-18T08:42:43.497Z,142.381,142.383
2023-12-18T08:42:47.702Z,142.378,142.38
2023-12-18T08:42:49.798Z,142.382,142.384
2023-12-18T08:42:56.115Z,142.391,142.393
2023-12-18T08:42:58.213Z,142.386,142.384
2023-12-18T08:43:00.358Z,142.382,142.379
2023-12-18T08:43:08.755Z,142.376,142.378
2023-12-18T08:43:10.908Z,142.373,142.375
2023-12-18T08:43:17.177Z,142.374,142.376
2023-12-18T08:43:19.308Z,142.375,142.377
2023-12-18T08:43:21.413Z,142.374,142.376
2023-12-18T08:43:23.528Z,142.373,142.375
2023-12-18T08:43:27.718Z,142.372,142.374
2023-12-18T08:43:31.923Z,142.37,142.372
2023-12-18T08:43:34.029Z,142.372,142.374
2023-12-18T08:43:36.147Z,142.373,142.375
2023-12-18T08:43:50.804Z,142.379,142.381
2023-12-18T08:43:52.933Z,142.378,142.38
2023-12-18T08:44:01.257Z,142.379,142.381
2023-12-18T08:44:03.338Z,142.381,142.383
2023-12-18T08:44:05.429Z,142.389,142.391
2023-12-18T08:44:07.510Z,142.39,142.392
2023-12-18T08:44:09.628Z,142.388,142.386
2023-12-18T08:44:11.765Z,142.383,142.385
2023-12-18T08:44:15.810Z,142.392,142.384
2023-12-18T08:44:24.207Z,142.393,142.394
2023-12-18T08:44:32.590Z,142.394,142.395
2023-12-18T08:44:34.667Z,142.396,142.396
2023-12-18T08:44:36.775Z,142.388,142.398
2023-12-18T08:44:38.891Z,142.39,142.39
2023-12-18T08:44:41.025Z,142.395,142.392
2023-12-18T08:44:55.741Z,142.39,142.391
2023-12-18T08:44:57.827Z,142.389,142.392
2023-12-18T08:45:02.139Z,142.391,142.393
2023-12-18T08:45:04.235Z,142.392,142.394
2023-12-18T08:45:08.402Z,142.39,142.393
2023-12-18T08:45:14.525Z,142.391,142.383
2023-12-18T08:45:16.656Z,142.379,142.38
2023-12-18T08:45:20.859Z,142.378,142.382
2023-12-18T08:45:23.008Z,142.38,142.381
2023-12-18T08:45:25.106Z,142.379,142.382
2023-12-18T08:45:27.209Z,142.38,142.381
2023-12-18T08:45:29.290Z,142.379,142.379
2023-12-18T08:45:31.391Z,142.377,142.38
2023-12-18T08:45:35.645Z,142.378,142.384
2023-12-18T08:45:39.915Z,142.401,142.403
2023-12-18T08:45:42.022Z,142.405,142.407
2023-12-18T08:45:44.120Z,142.403,142.405
2023-12-18T08:45:48.306Z,142.401,142.403
2023-12-18T08:45:50.440Z,142.402,142.402
2023-12-18T08:45:52.524Z,142.418,142.42
2023-12-18T08:45:54.608Z,142.414,142.416
2023-12-18T08:45:56.690Z,142.411,142.413
2023-12-18T08:45:58.773Z,142.413,142.415
2023-12-18T08:46:00.872Z,142.414,142.416
2023-12-18T08:46:02.998Z,142.413,142.415
2023-12-18T08:46:05.143Z,142.41,142.412
2023-12-18T08:46:07.239Z,142.409,142.411
2023-12-18T08:46:09.381Z,142.403,142.405
2023-12-18T08:46:11.477Z,142.412,142.414
2023-12-18T08:46:17.776Z,142.411,142.413
2023-12-18T08:46:19.889Z,142.412,142.414
2023-12-18T08:46:21.991Z,142.414,142.416
2023-12-18T08:46:24.074Z,142.415,142.417
2023-12-18T08:46:28.284Z,142.411,142.413
2023-12-18T08:46:30.365Z,142.413,142.415
2023-12-18T08:46:34.624Z,142.404,142.406
2023-12-18T08:46:36.705Z,142.403,142.405
2023-12-18T08:46:38.798Z,142.397,142.399
2023-12-18T08:46:40.893Z,142.396,142.398
2023-12-18T08:46:43.021Z,142.397,142.403
2023-12-18T08:46:45.116Z,142.4,142.402
2023-12-18T08:46:47.221Z,142.397,142.399
2023-12-18T08:46:51.420Z,142.402,142.404
2023-12-18T08:46:59.589Z,142.401,142.403
2023-12-18T08:47:01.887Z,142.402,142.404
2023-12-18T08:47:06.064Z,142.401,142.403
2023-12-18T08:47:08.154Z,142.402,142.404
2023-12-18T08:47:10.257Z,142.401,142.403
2023-12-18T08:47:16.564Z,142.403,142.406
2023-12-18T08:47:20.633Z,142.404,142.405
2023-12-18T08:47:29.032Z,142.401,142.402
2023-12-18T08:47:35.394Z,142.4,142.403
2023-12-18T08:47:37.487Z,142.393,142.402
2023-12-18T08:47:39.585Z,142.392,142.395
2023-12-18T08:47:41.667Z,142.385,142.394
2023-12-18T08:47:43.770Z,142.384,142.387
2023-12-18T08:47:45.993Z,142.385,142.388
2023-12-18T08:47:48.088Z,142.384,142.386
2023-12-18T08:47:52.149Z,142.385,142.387
2023-12-18T08:47:54.409Z,142.387,142.389
2023-12-18T08:47:56.514Z,142.392,142.394
2023-12-18T08:47:58.590Z,142.391,142.393
2023-12-18T08:48:00.699Z,142.39,142.392
2023-12-18T08:48:02.784Z,142.387,142.389
2023-12-18T08:48:04.884Z,142.388,142.39
2023-12-18T08:48:06.969Z,142.385,142.387
2023-12-18T08:48:11.216Z,142.386,142.381
2023-12-18T08:48:13.341Z,142.375,142.377
2023-12-18T08:48:15.426Z,142.376,142.378
2023-12-18T08:48:23.828Z,142.375,142.377
2023-12-18T08:48:30.137Z,142.382,142.384
2023-12-18T08:48:32.228Z,142.379,142.381
2023-12-18T08:48:34.310Z,142.392,142.394
2023-12-18T08:48:36.421Z,142.387,142.389
2023-12-18T08:48:40.594Z,142.389,142.391
2023-12-18T08:48:42.682Z,142.391,142.393
2023-12-18T08:48:46.917Z,142.39,142.392
2023-12-18T08:48:49.029Z,142.387,142.389
2023-12-18T08:48:51.116Z,142.384,142.386
2023-12-18T08:48:55.299Z,142.377,142.379
2023-12-18T08:48:57.425Z,142.378,142.38
2023-12-18T08:48:59.517Z,142.38,142.382
2023-12-18T08:49:03.760Z,142.378,142.38
2023-12-18T08:49:05.851Z,142.38,142.382
2023-12-18T08:49:12.209Z,142.379,142.381
2023-12-18T08:49:14.328Z,142.374,142.376
2023-12-18T08:49:18.494Z,142.375,142.381
2023-12-18T08:49:20.599Z,142.394,142.396
2023-12-18T08:49:22.685Z,142.4,142.402
2023-12-18T08:49:24.799Z,142.404,142.407
2023-12-18T08:49:26.889Z,142.407,142.409
2023-12-18T08:49:29.005Z,142.41,142.412
2023-12-18T08:49:32.864Z,142.409,142.411
2023-12-18T08:49:41.615Z,142.407,142.409
2023-12-18T08:49:45.811Z,142.41,142.412
2023-12-18T08:49:47.925Z,142.416,142.418
2023-12-18T08:49:52.097Z,142.431,142.432
2023-12-18T08:49:54.179Z,142.43,142.43
2023-12-18T08:49:58.366Z,142.425,142.428
2023-12-18T08:50:00.479Z,142.428,142.43
2023-12-18T08:50:02.639Z,142.424,142.426
2023-12-18T08:50:04.739Z,142.414,142.416
2023-12-18T08:50:06.885Z,142.416,142.419
2023-12-18T08:50:08.977Z,142.421,142.423
2023-12-18T08:50:11.083Z,142.423,142.425
2023-12-18T08:50:13.178Z,142.429,142.431
2023-12-18T08:50:15.307Z,142.419,142.421
2023-12-18T08:50:17.458Z,142.417,142.419
2023-12-18T08:50:19.592Z,142.416,142.418
2023-12-18T08:50:21.698Z,142.418,142.42
2023-12-18T08:50:23.795Z,142.417,142.419
2023-12-18T08:50:28.010Z,142.419,142.421
2023-12-18T08:50:32.235Z,142.421,142.423
2023-12-18T08:50:34.365Z,142.417,142.419
2023-12-18T08:50:36.473Z,142.413,142.415
2023-12-18T08:50:38.624Z,142.414,142.416
2023-12-18T08:50:40.714Z,142.415,142.417
2023-12-18T08:50:42.805Z,142.412,142.414
2023-12-18T08:50:44.961Z,142.418,142.422
2023-12-18T08:50:47.050Z,142.419,142.421
2023-12-18T08:50:49.138Z,142.418,142.42
2023-12-18T08:50:51.227Z,142.419,142.421
2023-12-18T08:50:53.345Z,142.418,142.42
2023-12-18T08:50:57.520Z,142.42,142.422
2023-12-18T08:50:59.636Z,142.422,142.423
2023-12-18T08:51:01.746Z,142.433,142.435
2023-12-18T08:51:03.862Z,142.434,142.436
2023-12-18T08:51:05.954Z,142.433,142.435
2023-12-18T08:51:12.302Z,142.436,142.438
2023-12-18T08:51:16.505Z,142.435,142.436
2023-12-18T08:51:22.768Z,142.433,142.435
2023-12-18T08:51:24.845Z,142.424,142.426
2023-12-18T08:51:26.933Z,142.423,142.425
2023-12-18T08:51:31.130Z,142.418,142.42
2023-12-18T08:51:33.242Z,142.421,142.423
2023-12-18T08:51:35.343Z,142.422,142.424
2023-12-18T08:51:37.438Z,142.416,142.418
2023-12-18T08:51:39.553Z,142.421,142.424
2023-12-18T08:51:45.875Z,142.43,142.433
2023-12-18T08:51:50.081Z,142.428,142.43
2023-12-18T08:51:52.176Z,142.429,142.431
2023-12-18T08:51:54.278Z,142.425,142.427
2023-12-18T08:51:56.379Z,142.421,142.422
2023-12-18T08:52:00.415Z,142.424,142.423
2023-12-18T08:52:02.507Z,142.428,142.426
2023-12-18T08:52:04.611Z,142.427,142.43
2023-12-18T08:52:06.704Z,142.426,142.429
2023-12-18T08:52:08.809Z,142.425,142.428
2023-12-18T08:52:15.194Z,142.422,142.424
2023-12-18T08:52:19.424Z,142.423,142.425
2023-12-18T08:52:23.655Z,142.425,142.427
2023-12-18T08:52:25.783Z,142.426,142.428
2023-12-18T08:52:29.961Z,142.425,142.427
2023-12-18T08:52:32.058Z,142.424,142.426
2023-12-18T08:52:34.156Z,142.423,142.425
2023-12-18T08:52:57.140Z,142.422,142.424
2023-12-18T08:53:01.333Z,142.415,142.417
2023-12-18T08:53:03.438Z,142.413,142.415
2023-12-18T08:53:07.665Z,142.412,142.414
2023-12-18T08:53:09.766Z,142.404,142.415
2023-12-18T08:53:11.874Z,142.4,142.402
2023-12-18T08:53:13.966Z,142.403,142.405
2023-12-18T08:53:16.056Z,142.401,142.403
2023-12-18T08:53:20.272Z,142.402,142.405
2023-12-18T08:53:22.380Z,142.405,142.406
2023-12-18T08:53:24.482Z,142.404,142.407
2023-12-18T08:53:30.517Z,142.405,142.416
2023-12-18T08:53:32.616Z,142.414,142.431
2023-12-18T08:53:34.702Z,142.421,142.421
2023-12-18T08:53:36.770Z,142.41,142.429
2023-12-18T08:53:38.841Z,142.427,142.428
2023-12-18T08:53:40.920Z,142.426,142.429
2023-12-18T08:53:42.996Z,142.427,142.428
2023-12-18T08:53:45.093Z,142.426,142.433
2023-12-18T08:53:47.195Z,142.432,142.429
2023-12-18T08:53:49.287Z,142.425,142.427
2023-12-18T08:53:53.798Z,142.416,142.425
2023-12-18T08:53:55.931Z,142.415,142.417
2023-12-18T08:53:58.078Z,142.405,142.414
2023-12-18T08:54:00.263Z,142.403,142.405
2023-12-18T08:54:02.348Z,142.404,142.406
2023-12-18T08:54:04.430Z,142.405,142.407
2023-12-18T08:54:06.532Z,142.401,142.403
2023-12-18T08:54:10.762Z,142.402,142.404
2023-12-18T08:54:14.935Z,142.404,142.407
2023-12-18T08:54:17.026Z,142.409,142.411
2023-12-18T08:54:19.111Z,142.405,142.407
2023-12-18T08:54:23.306Z,142.407,142.409
2023-12-18T08:54:25.387Z,142.405,142.407
2023-12-18T08:54:27.476Z,142.406,142.408
2023-12-18T08:54:33.749Z,142.41,142.411
2023-12-18T08:54:37.974Z,142.398,142.401
2023-12-18T08:54:40.095Z,142.399,142.4
2023-12-18T08:54:45.958Z,142.398,142.402
2023-12-18T08:54:54.385Z,142.4,142.392
2023-12-18T08:55:00.686Z,142.39,142.39
2023-12-18T08:55:02.781Z,142.388,142.391
2023-12-18T08:55:04.852Z,142.389,142.383
2023-12-18T08:55:09.018Z,142.379,142.358
2023-12-18T08:55:15.319Z,142.356,142.366
2023-12-18T08:55:17.417Z,142.364,142.374
2023-12-18T08:55:21.604Z,142.371,142.373
2023-12-18T08:55:28.337Z,142.373,142.374
2023-12-18T08:55:32.560Z,142.368,142.37
2023-12-18T08:55:36.312Z,142.367,142.365
2023-12-18T08:55:40.493Z,142.362,142.364
2023-12-18T08:55:43.084Z,142.372,142.365
2023-12-18T08:55:45.167Z,142.373,142.374
2023-12-18T08:55:48.915Z,142.372,142.363
2023-12-18T08:55:51.011Z,142.357,142.355
2023-12-18T08:55:53.120Z,142.353,142.356
2023-12-18T08:55:57.699Z,142.358,142.354
2023-12-18T08:55:59.782Z,142.355,142.356
2023-12-18T08:56:01.902Z,142.352,142.355
2023-12-18T08:56:04.032Z,142.342,142.344
2023-12-18T08:56:08.192Z,142.335,142.337
2023-12-18T08:56:10.267Z,142.342,142.344
2023-12-18T08:56:14.421Z,142.335,142.336
2023-12-18T08:56:18.613Z,142.336,142.339
2023-12-18T08:56:24.890Z,142.346,142.348
2023-12-18T08:56:26.982Z,142.345,142.347
2023-12-18T08:56:29.073Z,142.346,142.348
2023-12-18T08:56:31.164Z,142.345,142.347
2023-12-18T08:56:37.480Z,142.343,142.345
2023-12-18T08:56:41.646Z,142.334,142.336
2023-12-18T08:56:43.723Z,142.336,142.338
2023-12-18T08:56:54.131Z,142.337,142.339
2023-12-18T08:56:56.229Z,142.342,142.344
2023-12-18T08:56:58.341Z,142.343,142.345
2023-12-18T08:57:00.457Z,142.337,142.339
2023-12-18T08:57:04.647Z,142.341,142.343
2023-12-18T08:57:06.740Z,142.336,142.338
2023-12-18T08:57:08.843Z,142.337,142.339
2023-12-18T08:57:13.063Z,142.333,142.336
2023-12-18T08:57:15.146Z,142.338,142.34
2023-12-18T08:57:17.271Z,142.337,142.339
2023-12-18T08:57:19.357Z,142.338,142.34
2023-12-18T08:57:21.463Z,142.344,142.346
2023-12-18T08:57:25.653Z,142.343,142.345
2023-12-18T08:57:29.841Z,142.344,142.346
2023-12-18T08:57:31.930Z,142.357,142.358
2023-12-18T08:57:40.155Z,142.365,142.359
2023-12-18T08:57:42.225Z,142.364,142.368
2023-12-18T08:57:44.292Z,142.369,142.366
2023-12-18T08:57:48.490Z,142.374,142.371
2023-12-18T08:57:54.804Z,142.379,142.376
2023-12-18T08:57:56.905Z,142.38,142.381
2023-12-18T08:57:59.022Z,142.381,142.382
2023-12-18T08:58:01.109Z,142.385,142.386
2023-12-18T08:58:03.192Z,142.384,142.387
2023-12-18T08:58:09.463Z,142.392,142.386
2023-12-18T08:58:11.552Z,142.394,142.394
2023-12-18T08:58:13.645Z,142.398,142.396
2023-12-18T08:58:17.837Z,142.401,142.4
2023-12-18T08:58:19.934Z,142.411,142.403
2023-12-18T08:58:26.269Z,142.4,142.413
2023-12-18T08:58:28.361Z,142.386,142.402
2023-12-18T08:58:36.809Z,142.389,142.388
2023-12-18T08:58:40.975Z,142.387,142.391
2023-12-18T08:58:43.074Z,142.385,142.389
2023-12-18T08:58:45.157Z,142.383,142.387
2023-12-18T08:58:49.327Z,142.384,142.385
2023-12-18T08:58:51.408Z,142.385,142.386
2023-12-18T08:58:53.491Z,142.383,142.387
2023-12-18T08:58:55.575Z,142.382,142.385
2023-12-18T08:58:57.664Z,142.383,142.384
2023-12-18T08:59:01.870Z,142.384,142.385
2023-12-18T08:59:06.192Z,142.381,142.383
2023-12-18T08:59:08.278Z,142.382,142.384
2023-12-18T08:59:10.357Z,142.384,142.393
2023-12-18T08:59:12.425Z,142.39,142.392
2023-12-18T08:59:14.496Z,142.391,142.393
2023-12-18T08:59:16.585Z,142.392,142.394
2023-12-18T08:59:18.672Z,142.383,142.385
2023-12-18T08:59:22.845Z,142.385,142.387
2023-12-18T08:59:27.134Z,142.379,142.381
2023-12-18T08:59:29.247Z,142.38,142.382
2023-12-18T08:59:31.342Z,142.374,142.376
2023-12-18T08:59:33.425Z,142.375,142.377
2023-12-18T08:59:35.510Z,142.374,142.376
2023-12-18T08:59:39.736Z,142.377,142.379
2023-12-18T08:59:41.826Z,142.374,142.376
2023-12-18T08:59:46.030Z,142.378,142.38
2023-12-18T08:59:52.297Z,142.376,142.385
2023-12-18T08:59:54.375Z,142.375,142.377
2023-12-18T08:59:56.483Z,142.383,142.379
2023-12-18T08:59:58.571Z,142.382,142.384
2023-12-18T09:00:02.751Z,142.385,142.387
2023-12-18T09:00:04.832Z,142.388,142.397
2023-12-18T09:00:06.955Z,142.393,142.395
2023-12-18T09:00:11.205Z,142.389,142.398
2023-12-18T09:00:13.303Z,142.391,142.4
2023-12-18T09:00:17.501Z,142.406,142.411
2023-12-18T09:00:19.636Z,142.411,142.413
2023-12-18T09:00:21.751Z,142.374,142.382
2023-12-18T09:00:23.839Z,142.379,142.388
2023-12-18T09:00:25.939Z,142.385,142.387
2023-12-18T09:00:28.034Z,142.384,142.393
2023-12-18T09:00:30.119Z,142.382,142.391
2023-12-18T09:00:32.204Z,142.384,142.386
2023-12-18T09:00:34.287Z,142.388,142.387
2023-12-18T09:00:40.615Z,142.387,142.39
2023-12-18T09:00:42.738Z,142.388,142.388
2023-12-18T09:00:44.823Z,142.376,142.378
2023-12-18T09:00:46.921Z,142.389,142.388
2023-12-18T09:00:49.046Z,142.387,142.39
2023-12-18T09:00:53.222Z,142.386,142.388
2023-12-18T09:00:55.330Z,142.387,142.389
2023-12-18T09:00:57.433Z,142.386,142.388
2023-12-18T09:00:59.515Z,142.384,142.387
2023-12-18T09:01:01.619Z,142.366,142.384
2023-12-18T09:01:03.720Z,142.367,142.369
2023-12-18T09:01:05.803Z,142.365,142.367
2023-12-18T09:01:07.895Z,142.363,142.365
2023-12-18T09:01:09.987Z,142.368,142.37
2023-12-18T09:01:16.277Z,142.369,142.371
2023-12-18T09:01:18.362Z,142.368,142.37
2023-12-18T09:01:22.203Z,142.367,142.357
2023-12-18T09:01:24.307Z,142.355,142.358
2023-12-18T09:01:26.422Z,142.356,142.359
2023-12-18T09:01:28.515Z,142.36,142.367
2023-12-18T09:01:30.603Z,142.366,142.366
2023-12-18T09:01:32.728Z,142.364,142.365
2023-12-18T09:01:34.815Z,142.363,142.366
2023-12-18T09:01:36.897Z,142.364,142.355
2023-12-18T09:01:39.002Z,142.353,142.356
2023-12-18T09:01:41.089Z,142.354,142.355
2023-12-18T09:01:43.177Z,142.355,142.367
2023-12-18T09:01:45.262Z,142.362,142.369
2023-12-18T09:01:49.428Z,142.367,142.362
2023-12-18T09:01:53.642Z,142.362,142.365
2023-12-18T09:01:55.751Z,142.363,142.378
2023-12-18T09:01:59.962Z,142.376,142.361
2023-12-18T09:02:04.150Z,142.361,142.363
2023-12-18T09:02:06.624Z,142.366,142.369
2023-12-18T09:02:08.724Z,142.357,142.359
2023-12-18T09:02:17.099Z,142.359,142.361
2023-12-18T09:02:19.195Z,142.361,142.362
2023-12-18T09:02:21.297Z,142.357,142.358
2023-12-18T09:02:25.461Z,142.353,142.355
2023-12-18T09:02:27.539Z,142.355,142.358
2023-12-18T09:02:31.469Z,142.357,142.36
2023-12-18T09:02:33.561Z,142.361,142.357
2023-12-18T09:02:35.659Z,142.358,142.367
2023-12-18T09:02:37.822Z,142.365,142.369
2023-12-18T09:02:39.914Z,142.367,142.376
2023-12-18T09:02:42.007Z,142.374,142.385
2023-12-18T09:02:44.133Z,142.383,142.383
2023-12-18T09:02:46.224Z,142.381,142.379
2023-12-18T09:02:50.412Z,142.377,142.377
2023-12-18T09:02:52.503Z,142.375,142.389
2023-12-18T09:02:58.781Z,142.386,142.39
2023-12-18T09:03:00.881Z,142.388,142.389
2023-12-18T09:03:02.961Z,142.387,142.384
2023-12-18T09:03:05.049Z,142.385,142.392
2023-12-18T09:03:11.500Z,142.39,142.377
2023-12-18T09:03:13.593Z,142.375,142.378
2023-12-18T09:03:15.681Z,142.376,142.379
2023-12-18T09:03:17.781Z,142.377,142.378
2023-12-18T09:03:19.880Z,142.376,142.377
2023-12-18T09:03:22.027Z,142.375,142.39
2023-12-18T09:03:24.124Z,142.388,142.395
2023-12-18T09:03:26.228Z,142.393,142.393
2023-12-18T09:03:28.326Z,142.391,142.392
2023-12-18T09:03:30.411Z,142.39,142.393
2023-12-18T09:03:32.500Z,142.391,142.392
2023-12-18T09:03:34.605Z,142.39,142.393
2023-12-18T09:03:38.782Z,142.391,142.383
2023-12-18T09:03:47.124Z,142.381,142.397
2023-12-18T09:03:49.239Z,142.395,142.394
2023-12-18T09:03:51.345Z,142.392,142.4
2023-12-18T09:03:53.433Z,142.395,142.396
2023-12-18T09:03:55.543Z,142.394,142.392
2023-12-18T09:03:57.657Z,142.39,142.389
2023-12-18T09:03:59.790Z,142.388,142.39
2023-12-18T09:04:01.906Z,142.393,142.395
2023-12-18T09:04:04.018Z,142.392,142.394
2023-12-18T09:04:06.134Z,142.395,142.397
2023-12-18T09:04:08.247Z,142.396,142.398
2023-12-18T09:04:10.348Z,142.395,142.397
2023-12-18T09:04:12.450Z,142.394,142.396
2023-12-18T09:04:14.553Z,142.395,142.397
2023-12-18T09:04:16.655Z,142.393,142.395
2023-12-18T09:04:18.752Z,142.391,142.393
2023-12-18T09:04:25.081Z,142.383,142.385
2023-12-18T09:04:27.202Z,142.386,142.388
2023-12-18T09:04:29.306Z,142.385,142.387
2023-12-18T09:04:31.423Z,142.391,142.393
2023-12-18T09:04:33.527Z,142.39,142.392
2023-12-18T09:04:35.627Z,142.391,142.393
2023-12-18T09:04:39.839Z,142.392,142.394
2023-12-18T09:04:41.964Z,142.39,142.392
2023-12-18T09:04:44.062Z,142.391,142.393
2023-12-18T09:04:46.168Z,142.394,142.396
2023-12-18T09:04:50.376Z,142.391,142.393
2023-12-18T09:04:54.599Z,142.389,142.391
2023-12-18T09:04:56.711Z,142.383,142.385
2023-12-18T09:05:00.908Z,142.384,142.386
2023-12-18T09:05:09.278Z,142.382,142.384
2023-12-18T09:05:11.496Z,142.368,142.37
2023-12-18T09:05:17.823Z,142.367,142.369
2023-12-18T09:05:19.919Z,142.354,142.356
2023-12-18T09:05:22.046Z,142.353,142.355
2023-12-18T09:05:24.145Z,142.359,142.361
2023-12-18T09:05:26.250Z,142.366,142.368
2023-12-18T09:05:28.349Z,142.364,142.366
2023-12-18T09:05:30.425Z,142.346,142.348
2023-12-18T09:05:32.509Z,142.352,142.354
2023-12-18T09:05:34.607Z,142.344,142.346
2023-12-18T09:05:36.693Z,142.335,142.337
2023-12-18T09:05:40.902Z,142.343,142.344
2023-12-18T09:05:43.010Z,142.336,142.338
2023-12-18T09:05:45.104Z,142.334,142.336
2023-12-18T09:05:47.188Z,142.341,142.343
2023-12-18T09:05:49.277Z,142.346,142.348
2023-12-18T09:05:55.557Z,142.351,142.353
2023-12-18T09:05:57.662Z,142.353,142.355
2023-12-18T09:06:12.290Z,142.342,142.344
2023-12-18T09:06:16.489Z,142.343,142.345
2023-12-18T09:06:24.942Z,142.335,142.337
2023-12-18T09:06:27.023Z,142.333,142.325
2023-12-18T09:06:29.100Z,142.317,142.319
2023-12-18T09:06:31.209Z,142.322,142.324
2023-12-18T09:06:35.449Z,142.312,142.314
2023-12-18T09:06:39.635Z,142.315,142.318
2023-12-18T09:06:43.827Z,142.317,142.319
2023-12-18T09:06:48.046Z,142.316,142.318
2023-12-18T09:06:50.131Z,142.315,142.317
2023-12-18T09:06:52.217Z,142.313,142.315
2023-12-18T09:06:58.487Z,142.314,142.316
2023-12-18T09:07:00.581Z,142.315,142.317
2023-12-18T09:07:02.671Z,142.318,142.32
2023-12-18T09:07:04.782Z,142.32,142.321
2023-12-18T09:07:06.870Z,142.328,142.33
2023-12-18T09:07:08.991Z,142.327,142.329
2023-12-18T09:07:11.074Z,142.332,142.334
2023-12-18T09:07:13.233Z,142.326,142.329
2023-12-18T09:07:15.332Z,142.328,142.33
2023-12-18T09:07:17.432Z,142.332,142.334
2023-12-18T09:07:19.523Z,142.331,142.332
2023-12-18T09:07:23.707Z,142.33,142.331
2023-12-18T09:07:25.803Z,142.332,142.334
2023-12-18T09:07:32.082Z,142.334,142.336
2023-12-18T09:07:34.190Z,142.332,142.334
2023-12-18T09:07:36.292Z,142.325,142.327
2023-12-18T09:07:38.379Z,142.328,142.33
2023-12-18T09:07:40.476Z,142.332,142.334
2023-12-18T09:07:42.591Z,142.329,142.331
2023-12-18T09:07:44.730Z,142.343,142.345
2023-12-18T09:07:46.820Z,142.34,142.342
2023-12-18T09:07:48.909Z,142.341,142.343
2023-12-18T09:07:50.995Z,142.338,142.34
2023-12-18T09:07:53.080Z,142.332,142.334
2023-12-18T09:07:55.170Z,142.324,142.326
2023-12-18T09:07:57.298Z,142.326,142.327
2023-12-18T09:08:01.497Z,142.332,142.334
2023-12-18T09:08:03.613Z,142.323,142.325
2023-12-18T09:08:05.769Z,142.322,142.324
2023-12-18T09:08:07.851Z,142.318,142.32
2023-12-18T09:08:14.170Z,142.316,142.318
2023-12-18T09:08:16.285Z,142.317,142.319
2023-12-18T09:08:18.385Z,142.316,142.318
2023-12-18T09:08:20.467Z,142.322,142.324
2023-12-18T09:08:24.659Z,142.324,142.326
2023-12-18T09:08:26.748Z,142.322,142.323
2023-12-18T09:08:28.846Z,142.314,142.316
2023-12-18T09:08:30.955Z,142.302,142.305
2023-12-18T09:08:33.046Z,142.309,142.311
2023-12-18T09:08:35.136Z,142.314,142.32
2023-12-18T09:08:37.229Z,142.321,142.323
2023-12-18T09:08:39.328Z,142.322,142.324
2023-12-18T09:08:41.431Z,142.311,142.314
2023-12-18T09:08:43.516Z,142.316,142.318
2023-12-18T09:08:45.603Z,142.317,142.322
2023-12-18T09:08:47.684Z,142.321,142.323
2023-12-18T09:08:49.799Z,142.322,142.324
2023-12-18T09:08:54.000Z,142.325,142.326
2023-12-18T09:08:56.078Z,142.326,142.328
2023-12-18T09:09:00.341Z,142.328,142.33
2023-12-18T09:09:02.432Z,142.329,142.331
2023-12-18T09:09:06.602Z,142.328,142.33
2023-12-18T09:09:10.786Z,142.329,142.333
2023-12-18T09:09:12.862Z,142.328,142.33
2023-12-18T09:09:17.098Z,142.332,142.334
2023-12-18T09:09:21.269Z,142.331,142.333
2023-12-18T09:09:23.348Z,142.323,142.325
2023-12-18T09:09:25.450Z,142.325,142.327
